4824 5894
1039 555 1073 624 V

201 783 269 856 scit,
286 782 343 840 uisi
363 781 468 839 ιιι-
486 777 621 836 utendum
640 776 715 834 euim
733 781 778 833 est
795 773 932 833 vocabulo
950 773 1141 832 technico-
1101 769 1220 847 -ipse
1238 774 1315 832 Deus
1337 773 1367 832 id
1391 775 1578 849 revelaverit,
1602 781 1689 849 atq'ue
1711 783 1743 836 ut
1760 775 1918 837 liberrume

203 867 256 924 ιιι
261 867 425 970 ιιιιιιιιιι)
440 863 477 922 de
498 861 620 921 docendi
642 867 729 932 atque
750 857 942 932 persuadendi
968 875 1021 918 sua
1044 859 1157 918 ιιιιοιι
1178 859 1284 918 Paulus
1308 859 1454 932 apostolus
1476 859 1530 918 hoc
1551 858 1697 964 mutasses
1717 867 1774 922 ιιι·
1794 851 1862 924 A
1859 861 1916 928 nat

124 973 130 984 ·
203 949 365 1030 λαλοῦμεν
387 941 447 1014 οὐκ
469 943 503 1012 ἐι
527 947 695 1021 διδακτοῖς
710 937 931 1050 ἀνθρωπίνης
953 937 1076 1029 σοφίας
1098 937 1222 1029 λόγοις,
1246 935 1322 1008 ἀλλ’
1341 939 1376 1008 ἐι
1397 942 1565 1022 διδακτοῖς
1587 938 1786 1028 πνεύματος,
1815 969 1916 1013 πνευ-

202 1038 354 1118 ματικοῖς
376 1028 579 1116 πνευματικὰ
601 1025 836 1127 συγκρίνοντες.

369 1119 419 1177 Set
436 1134 510 1192 quae
527 1116 611 1175 modo
629 1114 836 1174 conmemoravi
855 1113 1053 1186 potiusquam
1076 1114 1205 1188 exposui,
1233 1113 1271 1172 ad
1292 1113 1363 1171 nihil
1386 1113 1463 1172 aliud
1482 1105 1641 1190 pertinent,
1669 1117 1724 1174 nisi
1742 1131 1778 1175 ne
1795 1118 1914 1176 nimium

203 1205 345 1277 quoddam
362 1205 399 1264 ab
416 1203 596 1275 antiquitatis
613 1201 715 1258 studiis
732 1205 783 1257 aut
800 1197 960 1271 postuletur
975 1215 1011 1255 ac
1028 1205 1174 1295 speretur,
1193 1203 1244 1257 aut
1260 1200 1396 1257 timeatur
1410 1203 1440 1256 et
1452 1205 1603 1258 metuatur.
1638 1201 1714 1258 Ante
1729 1203 1824 1261 omnia
1838 1203 1914 1260 eninr

203 1290 258 1348 hoc
284 1289 437 1348 tenendum
463 1293 519 1360 est,
547 1291 579 1344 ιι
607 1291 737 1343 caeteras
754 1297 851 1342 omues
878 1281 990 1340 scholas
1015 1282 1056 1341 sic
1082 1285 1231 1356 gymnasia
1253 1282 1411 1342 christiana
1428 1283 1542 1356 quidem
1561 1300 1674 1358 semper
1691 1285 1792 1359 luisse,
1821 1286 1915 1345 adhuc

202 1389 277 1447 esse,
304 1378 442 1446 perpetuo
466 1385 582 1429 manere
603 1367 721 1440 debere,
749 1373 845 1426 ιιιιιι
862 1365 899 1425 ab
918 1365 1048 1424 omnibus
1066 1367 1129 1425 aliis
1148 1367 1252 1425 scholis
1270 1383 1303 1424 eo
1322 1365 1449 1441 differre,
1480 1367 1555 1440 quod
1578 1385 1682 1440 pueros
1699 1371 1736 1429 ad
1755 1370 1914 1428 doctrinam

203 1463 290 1530 atque
307 1457 497 1516 eruditionem
513 1453 704 1512 instituendos
722 1457 751 1509 et
766 1451 996 1524 praeparandos,
1024 1452 1099 1523 quod
1117 1451 1234 1524 ingenia
1251 1467 1308 1508 non
1326 1451 1363 1509 ad
1390 1452 1479 1510 solam
1505 1453 1657 1527 pietatem,
1685 1461 1730 1512 set
1754 1461 1787 1512 ut
1804 1454 1915 1513 Melan-

201 1543 297 1602 thouis
319 1542 414 1600 verbis
432 1547 511 1613 utar,
538 1539 575 1598 ad
601 1538 714 1596 doctam
740 1542 770 1596 et
794 1536 973 1608 eloquentem
999 1535 1136 1608 pietatem
1162 1535 1364 1594 conformanda
1386 1537 1550 1609 suscipiunt.
1596 1538 1674 1609 Quae
1695 1555 1752 1596 non
1770 1540 1818 1616 ,ita
1840 1539 1915 1613 dico,

203 1627 283 1700 quasi
301 1625 385 1684 fidem
404 1631 432 1683 et
450 1624 600 1698 pietatem,
623 1622 758 1680 ιιιιιιιιιι
775 1627 862 1692 atque
880 1620 1058 1679 honestatem
1077 1635 1132 1677 nou
1151 1621 1181 1676 in
1198 1620 1328 1679 omuibus
1346 1621 1461 1679 easdem
1480 1636 1542 1678 esse
1560 1639 1704 1696 censeam,
1733 1629 1776 1685 set
1794 1625 1831 1683 ab
1850 1623 1914 1681 aliis

201 1713 230 1768 in
249 1711 312 1769 aliis
330 1711 416 1769 rebus
433 1708 611 1768 exercendae
628 1711 700 1764 sunt.
735 1705 788 1776 Qui
807 1721 842 1761 ex
860 1705 904 1762 his
923 1703 1028 1762 scholis
1045 1703 1199 1779 prodeunt,
1222 1705 1286 1763 aliis
1303 1704 1397 1762 lumen
1423 1703 1569 1777 praeferre
1592 1708 1686 1778 potius
1704 1708 1810 1767 debent
1827 1723 1914 1780 quarn

202 1795 294 1867 sequi:
312 1797 376 1854 iura
393 1795 462 1852 dare
480 1793 575 1864 potius
592 1806 677 1863 quam
695 1791 838 1862 accipere:
857 1788 1013 1868 valetudini
1032 1789 1159 1860 corporis
1176 1790 1297 1848 aliorum
1314 1790 1477 1861 prospicere
1491 1792 1586 1861 potius
1603 1781 1688 1866 quam
1702 1792 1782 1851 suam
1797 1808 1912 1850 curare:

202 1880 298 1938 omnia
315 1895 387 1951 quae
405 1879 435 1934 iu
452 1877 581 1936 advorsis
599 1874 739 1948 subsidia,
765 1875 796 1931 iu
813 1873 944 1931 secundis
962 1878 1130 1932 ornamenta
1153 1881 1231 1947 suut,
1257 1873 1313 1946 ipsi
1334 1879 1458 1932 tractare
1481 1875 1583 1948 magis,
1612 1893 1697 1949 quarn
1720 1878 1829 1949 paratis
1846 1876 1913 1934 imi.

204 1963 281 2036 Quae
299 1980 363 2021 cum
381 1963 441 2021 sine
459 1961 566 2034 pietate
583 1965 669 2031 atque
687 1957 836 2016 honestate
853 1973 939 2029 agera
966 1973 1024 2014 nou
1052 1958 1176 2030 possint,
1203 1961 1299 2016 ιιιιιιιι
1331 1958 1390 2016 ιιιι
1416 1963 1568 2030 praeterea
1592 1961 1789 2018 instrumentis
1817 1965 1912 2034 egent,

202 2047 305 2120 quibus
322 2048 421 2119 volgus
439 2048 462 2104 si
480 2059 537 2102 nou
554 2059 672 2116 prorsus
689 2057 800 2115 carere,
819 2048 898 2100 certe
916 2058 972 2100 non
990 2043 1053 2113 pari
1071 2041 1155 2100 modo
1172 2042 1304 2114 inpertiri
1329 2043 1427 2114 possit.
1472 2043 1572 2116 Neque
1597 2044 1668 2102 illud
1695 2046 1913 2118 neglegendum,

203 2148 264 2206 eos,
285 2132 381 2204 quiin
400 2128 511 2188 scholas
529 2127 718 2203 provinciales
734 2127 923 2199 recipiantur,
941 2142 998 2183 nou
1018 2142 1134 2199 prorsus
1151 2127 1267 2198 ignaros
1285 2132 1315 2185 et
1331 2128 1470 2200 inperitos
1488 2145 1551 2187 esse
1567 2129 1661 2200 legum
1682 2130 1735 2188 Dei
1754 2136 1784 2186 et
1800 2127 1917 2187 divinae

202 2217 345 2288 veritatis,
374 2215 445 2274 haut
470 2229 577 2287 paucos
601 2214 665 2270 iam
685 2210 722 2270 ad
748 2215 956 2270 sacramentum
982 2211 1083 2269 altaris
1100 2211 1252 2284 admissos,
1281 2212 1432 2285 plerosque
1457 2212 1489 2269 id
1513 2213 1609 2286 paullo
1633 2221 1698 2287 post
1716 2214 1913 2272 adsecuturos.

203 2300 337 2371 Quamvis
355 2304 450 2357 autem
467 2303 620 2372 propterea
636 2296 753 2368 ingenia
769 2311 826 2353 non
843 2294 944 2366 primis
961 2295 1107 2353 elementis
1125 2294 1272 2354 doctrinae
1289 2296 1461 2355 christianae
1483 2297 1628 2356 inbuenda
1653 2300 1723 2372 siut,
1754 2304 1850 2357 tamen
1875 2311 1914 2354 ne

123 2402 131 2417 ·
203 2401 276 2457 quae
294 2389 424 2456 teneant,
449 2381 598 2455 labefiant,
617 2378 825 2453 infringantur,
844 2379 1006 2452 deleantur,
1025 2395 1059 2438 eo
1078 2378 1243 2452 diligentius
1261 2380 1416 2438 cavendum
1434 2389 1492 2455 est,
1510 2384 1578 2453 quia
1593 2383 1624 2439 in
1641 2384 1802 2442 litterarum
1821 2386 1850 2440 et
1867 2395 1914 2438 ar-

203 2470 275 2527 tium
293 2468 395 2526 studiis
414 2469 518 2525 multas
537 2473 565 2524 et
582 2481 684 2539 graves
700 2464 859 2522 inlecebras
877 2479 939 2520 esse
957 2469 1081 2537 constat,
1109 2463 1212 2536 quibus
1229 2463 1358 2522 homines
1375 2471 1407 2522 ut
1424 2481 1476 2524 sua
1492 2468 1609 2524 inventa
1631 2469 1792 2540 praeceptis
1810 2464 1914 2524 divinis

204 2558 391 2625 anteponere,
418 2553 540 2624 primurn
559 2552 595 2609 de
613 2551 656 2608 his
677 2548 823 2621 dubitare,
854 2553 915 2605 turn
933 2553 1040 2606 temere
1057 2547 1227 2620 diiudicare,
1255 2553 1399 2621 postremo
1416 2565 1451 2608 ιι
1469 2555 1648 2609 contemnere
1666 2551 1791 2610 audeaut
1809 2551 1913 2623 perdu-

203 2644 313 2694 cantur.
357 2636 441 2695 Unde
459 2637 521 2693 luce
540 2636 643 2692 clarius
662 2639 718 2704 est,
746 2647 843 2691 ornnes
861 2632 973 2690 litteras
991 2639 1020 2689 et
1037 2639 1114 2691 artes
1131 2632 1173 2690 ita
1189 2633 1219 2688 in
1237 2633 1281 2690 his
1298 2633 1401 2692 scholis
1420 2649 1482 2692 esse
1501 2637 1681 2708 tractandas,
1705 2643 1738 2693 ut
1754 2636 1914 2709 periculum

202 2721 272 2778 illud
294 2721 419 2779 evitetur
436 2727 466 2778 et
483 2725 628 2791 arceatur,
656 2723 699 2776 set
716 2716 800 2774 simul
816 2717 847 2774 id
864 2733 953 2788 genus
971 2717 1198 2789 diligentissume
1215 2733 1249 2776 ac
1272 2731 1402 2775 maxume
1424 2718 1543 2776 adsidue
1564 2737 1627 2779 esse
1644 2721 1807 2793 colendum,
1837 2719 1914 2790 quod

202 2806 363 2877 plurumum
385 2805 422 2863 ad
445 2802 667 2862 confirmandam
692 2802 829 2873 pietatem
858 2806 887 2860 et
914 2815 990 2874 eam,
1017 2801 1096 2859 cuius
1117 2802 1199 2872 quasi
1216 2800 1280 2859 iona
1298 2817 1332 2860 ac
1352 2817 1456 2874 pareus
1474 2809 1531 2876 ιιι,
1556 2804 1735 2864 honestatem
1754 2803 1912 2862 conferant.

204 2889 277 2946 Eam
294 2895 389 2947 autem
407 2890 465 2947 vim
482 2893 512 2946 et
529 2886 726 2946 efficacitatem
743 2887 774 2942 in
793 2885 894 2943 studiis
911 2885 1090 2957 antiquitatis
1108 2886 1201 2943 inesse
1219 2886 1289 2944 mihi
1306 2887 1561 2958 persuasissumum
1578 2894 1630 2947 est.

368 2973 496 3031 Ριιιιιιιι
513 2973 603 3044 igitur
619 2970 655 3029 ad
672 2969 812 3043 acuenda,
840 2967 1058 3043 conformanda,
1086 2969 1242 3029 excolenda
1262 2971 1377 3042 ingenia
1394 2971 1528 3029 iuvenum
1544 2973 1615 3031 nihil
1632 2973 1741 3048 aptius,
1768 2971 1840 3028 nihil
1857 2971 1913 3028 uti·

201 3057 257 3115 lius
274 3075 348 3129 esse,
376 3074 461 3130 quam
479 3057 600 3128 diligens
623 3071 658 3113 ιο
679 3052 784 3112 subtile
805 3053 929 3111 studium
951 3054 1132 3126 antiquarum
1154 3054 1330 3130 litterarum,
1357 3057 1451 3112 cuncti
1474 3056 1522 3128 qui
1540 3073 1575 3114 ex
1593 3059 1638 3116 his
1657 3057 1761 3116 scholis
1779 3055 1913 3129 prodiere

202 3159 236 3201 ae
253 3143 397 3200 variomm
419 3157 556 3213 geuemm
582 3140 727 3198 hominnm
752 3137 1012 3210 cognoscendorum
1038 3139 1149 3211 copiam
1174 3138 1313 3212 habuere,
1343 3155 1400 3197 uno
1420 3146 1638 3200 protestantur.
1683 3141 1724 3200 lit
1741 3153 1913 3213 quamquam

202 3228 280 3285 nullo
297 3231 425 3298 tempore
444 3223 574 3298 desuem,
596 3225 645 3298 qui
663 3239 698 3280 ea
715 3222 810 3280 studia
827 3239 843 3279 e
861 3221 965 3280 scholis
982 3228 1033 3280 aut
1049 3239 1166 3295 prorsus
1183 3224 1355 3281 removenda
1372 3229 1423 3282 eut
1440 3226 1595 3283 artioribus
1612 3226 1717 3285 finibus
1734 3223 1912 3283 circumscri-

202 3310 299 3367 bunda
316 3325 378 3367 esse
396 3309 624 3382 declamitarent,
652 3323 716 3365 cum
734 3313 784 3364 aut
801 3323 874 3378 quae
892 3311 1053 3378 quantaque
1070 3308 1124 3380 ipsi
1143 3309 1185 3366 eis
1203 3307 1340 3365 deberent
1357 3309 1528 3368 inmemores
1545 3317 1652 3386 essent,
1681 3316 1733 3368 aut
1753 3325 1806 3382 per
1828 3308 1913 3364 nimis

204 3395 304 3466 longas
331 3393 466 3466 ambages
490 3395 667 3452 iuventutem
692 3392 728 3449 ad
756 3407 803 3463 ea,
832 3407 906 3462 quae
927 3390 965 3447 ad
983 3391 1059 3449 vitae
1077 3409 1159 3449 usum
1177 3392 1368 3466 pertinerent,
1397 3393 1462 3450 duci
1480 3400 1653 3468 statuerent,
1680 3400 1730 3452 ιιι
1746 3395 1870 3464 denique
1888 3395 1913 3450 ιι

201 3493 258 3535 uon
284 3493 394 3552 osores,
421 3484 498 3536 certe
525 3483 734 3550 contemptores
761 3491 859 3533 earum
885 3475 981 3547 ingeni
1007 3477 1145 3534 virtutum
1172 3481 1279 3548 essent,
1309 3493 1381 3548 quae
1409 3479 1466 3535 illis
1492 3478 1594 3537 studiis
1620 3481 1788 3552 gignuntur,
1815 3483 1912 3534 tannen

200 3562 293 3620 locum
312 3579 392 3619 suum
409 3579 523 3636 sornper
540 3562 688 3620 obtinuere
705 3566 791 3633 atque
808 3559 881 3617 adeo
898 3560 943 3617 his
960 3561 1149 3633 temporibus,
1177 3559 1280 3632 qulbus
1296 3561 1425 3634 plerique
1443 3563 1506 3619 ιιιι
1524 3570 1554 3620 ιι
1571 3561 1745 3621 conradendi
1770 3567 1799 3618 et
1816 3558 1914 3618 coiun-

201 3645 287 3705 deudi
305 3646 461 3719 cupiditate
479 3646 673 3718 abripiuntur,
691 3646 767 3702 iuter
784 3659 846 3716 ιοι,
865 3643 914 3716 ιιι
932 3651 1150 3702 conmercautur
1167 3660 1201 3703 ac
1217 3644 1378 3719 lucrantur,
1398 3647 1480 3703 multi
1493 3663 1547 3705 ιιι
1564 3648 1659 3706 edocti
1672 3651 1751 3718 sunt,
1768 3645 1799 3704 id
1813 3644 1912 3716 ingeni

199 3746 319 3788 acumen
337 3747 455 3803 eamque
473 3730 717 3804 exercitationem,
745 3744 829 3802 quarn
851 3729 999 3806 gymnasia
1016 3728 1186 3803 praebeant,
1208 3729 1287 3786 nulla
1309 3729 1366 3788 alia
1383 3731 1534 3804 disciplina
1551 3732 1704 3804 exaequari
1721 3736 1771 3788 aut
1789 3745 1925 3808 oonpeu-,

200 3814 267 3872 sari.
311 3813 351 3870 At
367 3829 404 3872 ne
422 3817 467 3873 cui
483 3815 520 3875 ab
537 3814 685 3887 proposito
711 3814 860 3872 aberrasse
886 3812 998 3886 ιιιιιι,
1026 3830 1089 3871 curn
1107 3829 1163 3871 non
1181 3829 1266 3884 quarn
1284 3813 1340 3870 virn
1358 3814 1452 3874 madia
1469 3815 1650 3887 antiquitatis
1666 3815 1703 3874 ad
1722 3814 1853 3873 acuenda
1869 3813 1925 3869 ιιι.β

200 3897 296 3971 genia,
324 3903 369 3955 set
385 3916 470 3971 quam
491 3898 527 3957 ad
543 3900 681 3972 pietatem
703 3903 788 3970 atque
808 3896 987 3954 honestatem
1007 3897 1145 3969 habeant,
1174 3915 1219 3955 me
1246 3903 1423 3956 ostentorum
1450 3916 1512 3957 esse
1537 3899 1679 3974 pollicitus
1706 3899 1774 3972 sim,
1803 3898 1918 3955 lubenti

199 3981 269 4039 mihi
288 3987 316 4040 et
333 3983 454 4040 laetanti
467 3985 521 4041 huc
534 3983 667 4056 contigit,
685 3989 717 4041 ut
730 3999 787 4055 qua
800 3981 913 4038 illorum
926 3982 1140 4039 tractandomm
1154 3982 1265 4040 ratione
1280 3983 1394 4054 ingenia
1406 3988 1521 4056 optume
1536 3984 1716 4058 excolantur,
1735 3983 1835 4041 eadem
1851 3981 1919 4062 plu-J

200 4081 312 4124 rumam
332 4067 369 4124 ad
387 4082 483 4125 veram
501 4067 637 4124 ιιιιιιιιιι
654 4065 791 4125 conierat.
836 4065 913 4135 Quae
931 4065 1006 4122 euim
1023 4067 1114 4138 pietas
1133 4070 1177 4124 est
1194 4067 1255 4124 sine
1271 4068 1465 4139 integerrumo
1482 4070 1542 4126 veri
1565 4069 1681 4127 amore?
1724 4068 1799 4139 Quid
1817 4055 1921 4137 autent(

198 4151 223 4208 ιι
251 4167 331 4210 amor
357 4151 446 4232 valet,
473 4151 528 4209 nisi
551 4151 612 4208 veri
635 4149 837 4223 intellegundi,
867 4148 1058 4223 percipiundi,
1085 4151 1250 4208 inveniundi
1277 4167 1333 4208 non
1359 4151 1444 4209 modo
1469 4150 1591 4211 facultas
1615 4153 1785 4226 adcesserit,
1778 4157 1925 4272 ,ιιιιιιιὶ

198 4235 284 4293 etiarn
301 4235 469 4293 exercitatio
486 4234 626 4330 quaedam
645 4241 674 4292 et
692 4241 809 4293 consuet
797 4233 885 4291 tudo?
928 4233 972 4290 Eo
994 4234 1184 4292 instrumento
1212 4235 1236 4292 si
1263 4241 1373 4309 cureat,
1401 4251 1494 4294 nonne
1522 4239 1700 4310 extinguitur
1726 4242 1755 4294 et
1781 4234 1925 4312 deletur?

199 4319 309 4392 Quippe
326 4320 368 4377 ita
385 4319 445 4376 uati
463 4325 492 4376 et
509 4317 598 4391 geniti
617 4325 683 4396 suut
699 4319 900 4391 homiues,ut
868 4333 987 4389 uquos
1003 4317 1117 4376 labores
1134 4335 1288 4390 numquam
1311 4321 1534 4394 exantlaveriut,
1561 4339 1633 4393 (quas
1659 4324 1720 4380 vias
1746 4320 1852 4379 arduas
1882 4323 1913 4374 ιι

198 4404 310 4476 iniquas
328 4419 481 4476 numquam
500 4402 702 4475 temptaverint
720 4407 770 4460 aut
787 4419 940 4475 numquam
965 4404 1175 4477 superaverint,
1202 4403 1239 4461 ab
1257 4405 1298 4462 eis
1320 4421 1437 4476 prorsus
1454 4405 1611 4464 abhorrere
1628 4405 1776 4478 incipiant.
1820 4401 1912 4458 Exer-

128 4503 130 4514 ’
199 4487 298 4547 οιιιιιο
315 4489 450 4545 virtutem
465 4503 522 4546 uon
541 4485 634 4560 giguit
650 4487 779 4560 quidem,
806 4492 850 4545 set
867 4485 1016 4544 coufirmat
1034 4491 1120 4559 atque
1139 4489 1323 4546 conroborat:
1348 4489 1463 4560 ignavia
1480 4505 1544 4547 eum
1562 4489 1710 4547 debilitate
1721 4505 1762 4546 ‘ac
1780 4485 1912 4562 socordia

201 4574 354 4632 coniuncta
377 4577 434 4645 est,
461 4587 554 4645 neque
577 4570 638 4627 veri
660 4571 785 4629 studium
803 4570 839 4628 ab
861 4570 976 4629 virtutis
997 4569 1142 4632 divorsum
1163 4576 1214 4629 est.
1259 4572 1350 4631 Nemo
1375 4573 1487 4645 turpius
1513 4577 1604 4647 errat,
1631 4587 1716 4646 quarn
1743 4573 1793 4645 qui
1818 4571 1925 4630 omuial

200 4671 269 4715 vera
285 4658 378 4730 ipsum
395 4673 427 4714 se
444 4655 572 4714 iuvenire
589 4670 674 4727 posse
691 4653 828 4714 confidat:
846 4657 933 4714 ιιιιιι
950 4655 1039 4713 multo
1055 4656 1168 4728 turpius
1181 4657 1230 4729 qui
1244 4656 1280 4714 de
1298 4657 1353 4730 eis,
1372 4672 1444 4728 quae
1463 4659 1524 4732 ipse
1542 4657 1698 4730 invenerit,
1717 4657 1780 4717 eliis
1799 4673 1829 4715 se
1847 4669 1913 4728 per-

200 4739 320 4800 suadere
338 4758 421 4816 posse
439 4741 584 4815 opinetur,
611 4739 636 4797 si
654 4755 711 4796 non
728 4739 870 4798 didicent.
913 4739 1052 4798 Nolumus
1069 4739 1169 4798 laudes
1192 4757 1291 4798 eornm
1310 4742 1435 4800 virorum
1459 4742 1638 4815 deminuere,
1665 4742 1714 4813 qui
1735 4743 1820 4814 primi
1838 4755 1913 4812 quae

200 4825 298 4895 generi
316 4825 440 4885 humano
456 4826 616 4884 utilissuma
634 4829 743 4898 essent,
762 4837 900 4902 aperuere
918 4829 947 4882 et
964 4824 1138 4898 produxere,
1164 4829 1209 4883 set
1227 4841 1275 4883 eos
1294 4825 1414 4884 aliorum
1432 4826 1554 4898 vestigia
1570 4826 1698 4898 legentes
1715 4826 1752 4885 ad
1770 4841 1834 4884 eam
1852 4825 1913 4881 lau-

200 4905 265 4963 dem
283 4910 444 4969 escendisse
459 4912 559 4983 utique
577 4907 789 4967 concedendurn
808 4912 859 4966 est.
904 4908 978 4980 Quid
1000 4909 1082 4981 plura
1105 4909 1141 4967 de
1163 4925 1208 4982 re,
1236 4910 1273 4967 de
1298 4925 1355 4982 qua
1380 4921 1464 4968 nemo
1489 4927 1624 4984 umquam
1650 4910 1793 4970 dubitarit
1820 4919 1912 4977 nequa

199 4989 360 5049 dubitabit?
403 4993 454 5052 Set
471 4993 519 5066 qui
537 4993 653 5053 tandem
671 4993 822 5065 qnisquam
839 5007 886 5066 ea,
914 5009 987 5066 quae
1004 4993 1052 5051 alii
1070 4994 1206 5051 invenere
1222 4999 1253 5052 et
1270 4994 1406 5068 docuere,
1432 5001 1511 5053 recte
1532 4999 1618 5069 atque
1638 4996 1681 5054 ita
1702 5000 1735 5053 ut
1751 5007 1808 5050 non
1827 5005 1912 5049 ιιιιο

200 5074 323 5146 quodam
340 5076 440 5148 inpetu
456 5079 593 5154 adripiat,
622 5083 666 5136 set
683 5078 779 5150 qualia
795 5077 853 5135 siut
869 5077 1027 5149 prudenter
1043 5093 1078 5136 ιι
1095 5077 1191 5137 sobrie
1208 5078 1359 5154 diiudicet,
1385 5093 1557 5153 cognoscere
1576 5081 1697 5155 poterit,
1723 5077 1778 5134 uisi
1798 5076 1843 5133 vel
1859 5075 1912 5132 mi·

199 5173 286 5218 numa
302 5159 391 5218 verbu
407 5161 544 5222 adcurate
562 5161 722 5236 expendere
739 5163 837 5234 itaque
854 5175 929 5234 quae
943 5162 987 5220 iili
1006 5163 1148 5222 sunserhrt
1165 5169 1196 5222 et
1212 5166 1389 5239 censuerint,
1416 5164 1453 5223 ad
1477 5181 1614 5226 summurn
1640 5177 1730 5236 usqae
1755 5160 1912 5232 perspicui-
