4824 5894
533 523 584 601 ts

531 726 685 797 ἐνυπνίου
697 727 892 808 inscribitur,
906 728 1140 794 Institutionem
1152 722 1344 810 (Παιδείαν)
1356 726 1626 794 advdescentvdum
1638 729 1678 793 de
1690 726 1837 810 higiendo
1850 726 1973 809 opificio
1985 729 2035 795 his
2047 729 2242 796 verbisiece-

522 851 578 917 rit
589 850 822 916 admonentem:
842 847 906 912 Fac
923 854 956 912 te
969 845 1112 912 Phidiam
1132 853 1165 912 et
1177 845 1364 927 Polyclitum
1382 848 1516 913 evadere
1533 853 1567 912 et
1583 846 1780 912 admirabilis
1792 863 1889 927 opera
1905 847 2048 928 exigere:
2065 846 2241 930 qualiscun-

527 987 590 1054 que
607 967 717 1045 hreris,
739 965 884 1032 sordidus
902 964 1005 1047 opifex
1021 963 1313 1046 mercennariumque
1331 965 1474 1030 menibus
1491 965 1608 1031 victum
1626 981 1778 1047 qrmerens
1795 965 1968 1031 habeberis.
1982 967 2013 1047 .³)
2057 964 2140 1045 Quid
2157 965 2240 1048 quod

525 1086 680 1155 sermonis
697 1085 802 1167 graeci
819 1085 979 1166 proprium
997 1089 1059 1164 est,
1077 1083 1161 1149 nullo
1177 1081 1302 1147 artificii
1321 1087 1355 1146 ct
1373 1081 1488 1163 opificii
1506 1083 1685 1147 discrimine
1701 1082 1784 1148 lacto
1801 1089 1968 1166 utrumque
1984 1103 2046 1150 uno
2068 1085 2239 1166 eodemque

521 1204 677 1273 vocabulo
694 1201 806 1288 τέχνης
829 1201 1027 1284 significare?
1061 1200 1143 1279 Quid
1161 1199 1275 1280 plura?
1309 1200 1410 1266 Tanta
1435 1206 1505 1265 erat
1530 1199 1614 1266 facta
1633 1220 1753 1266 morum
1776 1203 1922 1281 mutatio,
1949 1209 1987 1268 ut
2012 1220 2091 1286 quae
2117 1200 2241 1282 opificia

529 1324 621 1391 Solon
638 1327 787 1404 quantum
805 1325 930 1403 poterat
946 1320 1066 1385 civibus
1076 1318 1366 1406 commendaverat,
1391 1318 1431 1384 iis
1452 1319 1514 1384 iarn
1532 1319 1617 1385 cives
1634 1320 1818 1402 prohibendi
1835 1321 2031 1401 viderentur,
2044 1325 2075 1404 ⁴)
2102 1337 2240 1403 quasque

525 1447 614 1508 artes
636 1441 692 1506 ille
711 1439 793 1504 filios
808 1446 934 1521 patrum
957 1458 1033 1504 cura
1053 1438 1159 1502 doceri
1182 1437 1337 1517 voluerat,
1364 1455 1402 1502 ea
1421 1437 1484 1501 iam
1501 1437 1625 1503 omniuo
1641 1437 1787 1520 indignae
1803 1445 1990 1520 putarentur
2006 1433 2240 1505 odvdescentulo

528 1559 568 1624 ad
585 1557 811 1623 liberalitatem
829 1562 862 1622 et
879 1557 1105 1623 humanitatem
1122 1556 1185 1621 rite
1200 1554 1407 1632 instituend03
1419 1558 1451 1637 l)
1471 1573 1571 1638 neque
1587 1555 1678 1622 facile
1696 1556 1858 1640 quisquam
1875 1558 1936 1623 nisi
1955 1555 2257 1630 duranecessitate·

528 1677 702 1758 imperante
726 1677 789 1742 iam
815 1694 884 1740 eam
909 1675 1009 1740 inibat
1034 1674 1119 1738 vitae
1144 1673 1311 1752 rationem,
1337 1691 1429 1754 quam
1453 1675 1572 1740 sciebat
1594 1675 1751 1741 sordidam
1768 1676 1869 1741 videri
1886 1676 2029 1758 plurimis
2047 1683 2080 1742 et
2097 1679 2240 1762 neglecta

523 1795 583 1862 illa
595 1794 715 1860 Solonis
731 1794 802 1875 lege
815 1794 920 1876 palam
937 1793 1164 1874 exprobranda,
1174 1793 1205 1872 s)
1222 1792 1269 1857 ita
1286 1798 1337 1873 ut,
1354 1793 1382 1857 si
1400 1792 1470 1875 quis
1487 1799 1524 1858 ut
1539 1793 1636 1858 vitam
1652 1794 1805 1860 toleraret
1821 1793 2002 1876 confugerat
2018 1797 2059 1860 ad
2076 1801 2239 1878 quaestum

526 1913 726 1994 illiberalem,
756 1913 790 1977 id
819 1911 922 1994 ipsum
951 1913 1152 1977 vehementer
1183 1915 1433 1992 conquereretur.
1446 1913 1477 1994 1)
1530 1914 1617 1991 Quae
1643 1914 1816 1980 necessitas
1841 1933 2025 1996 quamquam
2054 1914 2172 1996 effecit,
2204 1920 2240 1980 ut

529 2033 664 2099 extincto
683 2031 834 2098 Graeciae
850 2029 942 2111 flore,
969 2031 1042 2095 inde
1057 2031 1097 2095 ab
1115 2047 1153 2093 eo
1169 2034 1326 2111 tempore,
1353 2048 1413 2112 quo
1430 2029 1543 2096 Graeci
1560 2031 1782 2098 Macedonibus
1799 2033 1918 2099 servire
1936 2029 2151 2114 assueverant,
2172 2033 2240 2116 opi-

526 2147 607 2216 ficiis
620 2151 803 2232 artibusque
818 2148 1040 2215 mercennariis
1054 2148 1153 2213 maior
1163 2148 1261 2213 honos
1273 2147 1456 2228 baberetur,
1469 2151 1500 2231 ⁸)
1516 2155 1621 2215 tamen
1639 2152 1693 2232 qui
1710 2169 1785 2216 vere
1801 2150 1929 2234 ingenui
1946 2157 1980 2217 et
1997 2171 2065 2218 esse
2084 2160 2118 2218 et
2130 2154 2239 2220 haberi

527 2270 672 2336 volebant
689 2288 844 2352 uunquam
862 2268 1023 2334 desiervmt
1040 2266 1096 2332 illa
1112 2285 1132 2331 a
1147 2266 1215 2330 viro
1231 2265 1355 2332 liberali
1372 2267 1475 2334 aliena
1491 2269 1679 2335 existimare.
2212 2260 2217 2270 ’

1118 2575 1649 2758 Capuam.

692 2835 843 2915 Quoniam
861 2836 937 2920 qnid
953 2836 1283 2904 iudicaverintGraeci
1300 2837 1341 2902 de
1357 2833 1520 2918 opificibus
1538 2841 1571 2900 et
1588 2833 1711 2916 opificio
1729 2833 1807 2900 satis
1825 2834 2006 2916 exposuisse
2022 2833 2140 2916 videor,
2156 2853 2238 2901 nunc

526 2953 591 3036 qui
606 2953 844 3035 potissimum
859 2953 1018 3020 Athenis
1034 2953 1194 3035 opilicia
1211 2953 1468 3020 tractaverint
1485 2954 1646 3019 disseram
1678 2953 1726 3018 Ac
1742 2953 1943 3035 philosophos
1960 2951 2085 3035 quddam
2102 2952 2238 3018 vidimus

524 3072 683 3154 docuisse,
707 3071 740 3138 in
765 3072 885 3155 optima
909 3072 1038 3138 civitate
1061 3073 1180 3139 civibus
1200 3073 1233 3138 in
1256 3071 1387 3155 opificiis
1408 3091 1468 3138 non
1493 3090 1562 3138 esse
1579 3073 1780 3153 versandum3
1804 3089 1876 3138 nam
1902 3071 2043 3153 quamvis
2059 3069 2237 3138 necessaria

524 3197 632 3257 essent
654 3190 714 3256 illa
734 3209 830 3272 quum
854 3191 896 3255 ad
921 3190 1111 3272 singulorum
1137 3191 1251 3258 civium
1273 3191 1371 3256 vitam
1396 3190 1616 3256 commoditate
1642 3197 1676 3256 et
1700 3190 1897 3257 iucunditate
1922 3191 2143 3270 exornandam,
2167 3195 2236 3255 tum

523 3309 566 3374 ad
589 3308 766 3375 universam
795 3308 955 3375 civitatem
981 3309 1256 3391 continendam,⁰),
1281 3327 1361 3392 quae
1388 3327 1427 3374 ne
1456 3309 1695 3391 starequidem
1721 3314 1830 3391 posset
1859 3308 1928 3374 siue
1957 3310 2080 3376 artibus
2109 3315 2143 3376 et
2169 3310 2237 3392 opi·

607 3511 638 3575 3)
657 3509 744 3566 Somn.
759 3519 786 3564 9:
812 3509 973 3579 „privandos
989 3514 1035 3564 aral
1048 3514 1186 3585 χειρῶναξ
1204 3514 1251 3565 καὶ
1268 3509 1526 3581 άνιοχειροβίωτος.“

614 3598 644 3663 t)
661 3595 737 3648 Plato
754 3596 782 3648 in
799 3594 866 3648 libro
884 3593 917 3647 de
934 3595 1045 3662 optimis
1056 3596 1158 3662 legibus
1177 3595 1322 3663 composito
1340 3595 1410 3648 cives
1422 3601 1492 3649 vetat
1509 3601 1623 3649 uaemre
1640 3595 1745 3664 opificia
1755 3595 1834 3663 vm,
1847 3600 1936 3650 arod:
1954 3597 2075 3667 „patric
2093 3593 2237 3671 ἔπιχάριος

524 3679 592 3734 ἔσται
619 3683 675 3735 τῶν
700 3685 764 3755 περὶ
790 3678 824 3734 τὰ
852 3677 1033 3755 δημιουργικὰ
1058 3679 1211 3755 τεχνήματα
1235 3675 1471 3735 διαπονούντων.“
1493 3678 1526 3731 de
1544 3679 1683 3748 repvlll,
1697 3683 1773 3732 btld·
1801 3680 1996 3735 AristotPolit
2009 3681 2053 3746 IV,
2067 3689 2089 3734 9.
2102 3696 2161 3749 pag.
2175 3689 2234 3734 108:

522 3762 579 3830 ,,ἒν
596 3766 628 3836 τῇ
645 3759 776 3819 κάλλιστα
792 3768 989 3838 πολιτευομένῃ
1007 3761 1085 3821 πόλει
1102 3766 1135 3820 οὐ
1151 3765 1292 3834 βάναυσον
1308 3768 1372 3833 βίον
1388 3765 1434 3819 δεῖ
1448 3766 1495 3833 ζῆν
1512 3763 1575 3825 τοὺς
1591 3767 1731 3824 νιοὶάιιιςάι

608 3851 639 3917 5)
654 3849 722 3902 Plut
735 3850 828 3906 Pericl.
843 3860 869 3904 2:
888 3849 1003 3920 „uidete
1020 3850 1122 3924 εὐφυὴς
1139 3855 1198 3912 νέος
1215 3851 1266 3905 τὸν
1283 3851 1313 3905 ἐν
1330 3854 1402 3922 Πίσῃ
1419 3847 1591 3920 θεαοάμενος
1608 3851 1663 3902 Δία
1678 3852 1808 3919 γενέσθαι
1826 3837 1939 3912 Φειδίας
1955 3848 2159 3926 ἔπεθάμηοεν.“
2187 3851 2236 3906 So-
2348 3833 2349 3836 Ἴ

523 3938 609 3986 crates
627 3934 796 3989 vehementer
817 3937 845 3990 in
866 3937 953 4007 Anyto
976 3937 1153 4004 vituperabat,
1180 3935 1249 4003 quod
1271 3935 1355 3988 filium
1377 3940 1461 3987 artem
1478 3933 1604 3988 sutoriam
1623 3932 1767 3986 ducendam
1784 3942 1895 3989 curaret
1931 3937 2099 4005 (Xenshpol.
2112 3937 2183 3992 Socr.
2196 3945 2236 3992 29.

522 4019 576 4085 8ο).
610 4016 674 4070 Luc.
687 4017 775 4074 Somn.
790 4028 826 4073 18.
846 4020 1009 4091 [Demosth]
1028 4022 1142 4089 epistt,
1158 4031 1183 4074 1:
1208 4061 1226 4090 „
1236 4023 1394 4093 Θηραμένης
1411 4017 1516 4093 docvit
1530 4019 1584 4092 μὲν
1601 4016 1651 4072 τὸν
1666 4021 1740 4086 βίον,
1763 4017 1795 4072 3⁹
1810 4018 1977 4095 ἔρνωῐηρίφ
1993 4021 2025 4076 δὲ
2043 4025 2233 4097 ‘wemma

523 4103 553 4155 ἐκ
570 4097 698 4162 παιδός.“
734 4103 786 4156 Otr.
799 4103 881 4159 Tacit
894 4106 987 4159 Annei
1000 4106 1044 4172 IV,
1059 4115 1098 4160 13.

609 4181 710 4255 dictu.
724 4203 764 4240 ex
775 4188 1048 4257 gelismerum,
1062 4201 1118 4245 aaa.
1145 4191 1231 4256 LVII,
1245 4199 1284 4245 ³0.
1298 4197 1337 4242 ³2.
1370 4189 1540 4254 Aeschinll,
1555 4195 1609 4240 rte.
1640 4186 1761 4240 Philostr.
1774 4189 1817 4242 vit
1839 4189 1952 4257 Sophist.
1965 4191 1990 4257 I,
2004 4199 2043 4244 tt.
2078 4191 2160 4260 Apud·
2175 4190 2235 4244 Ari-

521 4272 609 4340 stoph.
622 4270 689 4326 Plut
704 4279 752 4325 905
779 4273 940 4343 sycophanta
957 4275 1144 4343 interrogatus,
1171 4292 1234 4328 num
1261 4274 1364 4342 opificio
1388 4275 1475 4342 aliquo
1493 4274 1571 4328 vitam
1594 4277 1766 4339 sustentaret,
1793 4274 1843 4328 hoc
1860 4288 1939 4342 aegre
1957 4274 2045 4329 ferens
2063 4275 2178 4343 graviter
2193 4289 2235 4327 re-

521 4357 644 4424 spondet:
664 4355 722 4426 „ori
738 4356 779 4429 μά
796 4355 846 4412 τὸν
863 4361 947 4413 Δία.“

606 4445 635 4508 ’1)
652 4441 787 4496 Eutherus
805 4443 1137 4511 ap.Xen.Memor.II,8,
1152 4455 1178 4498 1:
1198 4439 1340 4513 ,,ὲπειάή“
1358 4443 1453 4511 inquit,
1471 4440 1511 4512 „i
1530 4439 1619 4510 πατήρ
1636 4461 1684 4504 μοι
1699 4440 1783 4498 οὐδὲν
1799 4445 1957 4512 κατέλιπον,
1975 4441 2164 4513 ἀναγκάζομαι
2182 4443 2234 4496 νῦν

521 4526 560 4593 τῷ
577 4520 683 4598 σώματι
700 4525 881 4600 ἐργαζόμενος
902 4528 936 4584 τά
958 4529 1096 4597 ἐπιτήδεια
1114 4531 1303 4604 πορίζεσθαιέ(
1338 4528 1486 4582 Euxitheus
1504 4543 1544 4594 ap.
1557 4524 1692 4582 Demosth.
1704 4526 1792 4593 LVII,
1805 4536 1849 4582 31:
1877 4526 2095 4602 „dpoioyoripcr
2111 4529 2158 4580 nal
2174 4545 2233 4580 rru-

522 4615 582 4673 νίας
602 4615 704 4667 πωλεῖν
725 4617 771 4666 καὶ
793 4616 840 4682 ζῆν
861 4615 911 4687 οὐχ
933 4612 1027 4670 ὅντινα
1048 4611 1154 4686 τρόπον
1176 4613 1363 4686 βουλόμεθα(ι
1382 4614 1439 4682 (cfr.
1452 4613 1505 4680 ab).
1541 4611 1638 4664 Contra
1655 4627 1820 4682 summopere
1836 4614 1951 4667 laetetur
1967 4628 2008 4680 ap.
2021 4609 2233 4678 AristophPlut

521 4705 569 4750 orl
587 4695 781 4764 Blepsidemus,
805 4700 875 4767 quod
893 4699 997 4754 divitias
1014 4699 1170 4768 necopinato
1189 4699 1284 4766 adeptu
1302 4699 1351 4753 sihi
1369 4699 1447 4752 liceat
1463 4695 1609 4750 valedicere
1627 4697 1738 4764 egestati
1755 4704 1782 4751 et
1799 4699 1911 4766 opificio.

605 4783 635 4850 8)
651 4783 746 4838 Athen.
759 4783 785 4849 l,
800 4787 871 4838 19³:
896 4780 1102 4858 ,,Ἀριστο’νιοοον
1128 4783 1177 4840 τὸν
1195 4779 1375 4857 Ἀλεξάνδρου
1399 4779 1599 4855 συσφαιριστήν
1621 4780 1759 4851 Ἀθηναῖοι
1785 4785 1900 4851 πολίτην
1924 4778 2088 4847 ductivam
2114 4779 2161 4834 διά
2181 4780 2231 4850 τὴν

518 4871 627 4939 τέχνην.
646 4866 773 4943 ιάςγάρ
790 4869 981 4936 βαναύσους
998 4873 1114 4940 τέχνας
1132 4865 1283 4938 Ἕλληνες
1299 4865 1442 4942 ὕστερον
1459 4869 1536 4942 περὶ
1553 4869 1715 4922 πλείστου
1731 4870 1838 4939 μᾶλλον
1855 4866 2033 4922 laeserim
2056 4862 2073 4934 ἢ
2091 4864 2139 4928 τάς
2161 4865 2230 4922 κατά

516 4941 648 5008 nemetae
663 4957 811 5023 γινομένας
828 4957 980 5016 ὲπινοίας.“

601 5039 630 5107 a)
648 5036 716 5090 Nam
741 5035 891 5109 ,μυχνάνει
915 5038 996 5111 ἡμῶν
1018 5038 1131 5099 ἕκαστος
1153 5037 1204 5092 onir
1227 5033 1363 5111 αὐτάρκης
1384 5034 1453 5091 cilici
1475 5042 1586 5094 πολλῶν
1607 5037 1721 5106 ἔνδοήά(
1755 5037 1821 5090 Plat
1834 5037 1867 5090 de
1884 5050 1938 5103 rep.
1951 5035 1989 5100 11,
2002 5038 2094 5106 seseq
2121 5036 2228 5105 opifices

514 5121 596 5190 igitur
612 5124 691 5190 (quos
709 5123 871 5188 grammatici
888 5124 1020 5190 explicant
1037 5121 1100 5182 τοὺς
1116 5122 1150 5176 τά
1173 5120 1212 5192 μὴ
1231 5115 1297 5177 ὄντα
1321 5124 1476 5186 ποιοῦντας.
1511 5121 1722 5195 Hesychflchol.
1734 5121 1768 5176 td
1785 5121 1919 5176 Derim
1932 5120 2036 5188 XVIII,
2050 5129 2097 5176 187
2118 5119 2227 5186 ΜΠ,
