4824 5894
1033 536 1081 630 iii

200 763 307 824 nostris
320 761 465 834 bucusque
479 759 696 834 sapientissnmc
715 763 745 816 et
762 755 1029 818 benivolentisaume
1046 773 1219 832 prospexere
1237 763 1267 820 ct
1284 761 1317 814 ut
1333 757 1419 814 etiam
1437 755 1487 814 diu
1499 755 1675 830 prospiciant
1692 755 1785 814 Deum
1799 770 1915 839 precor,

200 847 272 905 meis
293 843 439 905 laboribus
460 849 490 904 et
512 842 740 902 mutentionibus
759 859 822 900 curu
844 841 1023 914 indulgentia
1044 849 1074 902 et
1095 841 1246 901 clementia
1267 838 1397 901 fauturos
1418 857 1537 914 meaque
1559 839 1655 900 studia
1671 840 1805 912 honesta,
1828 838 1914 913 bona,

202 931 285 990 utilia
305 929 424 988 consilio
448 934 535 1002 atque
559 927 730 986 auctoritate
754 942 806 986 sua
826 925 984 984 adiuturos.
1028 927 1106 999 Quae
1127 933 1159 985 ut
1180 926 1267 986 etiarn
1291 925 1410 984 laetiore
1433 930 1463 983 ct
1484 926 1607 984 certiore
1630 925 1725 984 auimo
1745 939 1862 982 voveam
1879 939 1915 982 ac

202 1031 328 1088 sperem,
350 1014 512 1086 plurumum
530 1009 653 1084 confert,
675 1027 732 1084 qna
749 1009 814 1069 Tibi
832 1009 903 1083 ipsi,
922 1011 967 1068 vir
984 1011 1169 1086 perillustris,
1192 1011 1346 1069 obstrictus
1364 1026 1440 1082 snm,
1463 1011 1558 1081 gratia
1574 1013 1661 1081 atque
1678 1009 1777 1082 pietas.
1823 1007 1914 1080 Quam

202 1098 275 1156 bene
297 1098 332 1157 de
355 1096 459 1156 scholis
482 1096 619 1154 merueris
640 1111 675 1153 ac
698 1111 808 1153 mareas
832 1095 911 1152 novit
932 1096 1039 1170 putria,
1065 1102 1205 1154 noverunt
1226 1094 1297 1154 adeo
1319 1094 1423 1169 exteri,
1447 1100 1492 1152 set
1512 1093 1583 1151 mihi
1600 1094 1727 1167 meisque
1747 1092 1834 1152 rebus
1855 1098 1915 1151 tam

203 1183 276 1242 bene
302 1199 415 1254 semper
441 1181 620 1254 consuluisti,
649 1184 680 1238 ut
706 1195 809 1252 parens
836 1178 937 1248 melius
959 1179 995 1237 de
1017 1177 1076 1238 iilio
1088 1196 1207 1238 ¹merere
1228 1195 1286 1238 non
1310 1178 1442 1252 potuerit.
1489 1177 1560 1236 Cum
1577 1194 1646 1250 ergo
1668 1177 1776 1236 nullum
1792 1183 1913 1251 tempus,

204 1267 299 1326 nnnc
317 1285 364 1326 res
382 1263 577 1326 benificiorum
594 1263 646 1323 abs
664 1264 704 1322 Te
731 1264 761 1320 in
787 1279 831 1320 me
859 1263 1035 1322 oculatorum
1053 1264 1279 1324 recordationem
1296 1263 1393 1322 deiero
1419 1263 1541 1335 possint,
1569 1269 1601 1320 ut
1626 1264 1713 1322 etiam
1730 1263 1793 1320 Tua
1814 1279 1914 1322 caussa

204 1369 256 1424 pro
274 1351 349 1409 virili
367 1355 449 1424 parte
467 1349 562 1410 omnia
579 1347 674 1406 officia
691 1364 755 1406 mea
772 1351 932 1421 praestem,
950 1348 1092 1407 incitabor
1109 1365 1142 1406 ac
1161 1348 1343 1422 stimulebor,
1362 1348 1495 1420 nudaque
1513 1365 1544 1406 re
1562 1347 1652 1420 magm
1669 1346 1706 1407 ad
1724 1345 1915 1406 ιιιιιιιιιιιιιιι
1957 1421 1962 1430 ι

204 1452 284 1508 spem
303 1436 411 1510 erigor,
434 1451 518 1507 quam
540 1433 616 1506 quod
634 1433 675 1491 Te
697 1437 855 1504 auctorem,
878 1431 1100 1506 moderatorem,
1123 1433 1284 1491 adiutorem
1302 1432 1371 1490 mibi
1390 1430 1452 1491 iore
1470 1437 1565 1490 certus
1583 1447 1653 1489 sum.
1698 1431 1780 1502 Quod
1797 1435 1830 1490 ut
1846 1430 1915 1488 mibi

204 1520 342 1594 praebere
359 1521 442 1591 velis,
461 1519 542 1576 enixe
560 1517 601 1575 Te
620 1525 732 1575 oratum
750 1521 835 1590 atque
853 1523 986 1588 rogatum
1004 1519 1097 1590 cupio.

257 1661 261 1670 ·
369 1646 429 1704 lam
448 1661 510 1716 vos,
530 1643 664 1714 conlegae
682 1641 870 1715 amplissumi,
889 1641 1068 1715 doctissumi,
1088 1643 1321 1714 honoratissrimi,
1340 1659 1449 1700 summo
1467 1659 1522 1714 quo
1546 1659 1599 1716 par
1621 1649 1665 1702 est
1687 1645 1774 1702 enimi
1792 1644 1916 1703 candore

204 1729 305 1788 saluto.
342 1729 531 1802 Compluribus
549 1734 676 1786 vostrum
691 1726 856 1785 iamdudum
873 1725 1016 1784 amicitiae
1033 1733 1119 1800 atque
1135 1727 1240 1785 amoris
1254 1727 1374 1785 vinculis
1389 1727 1557 1784 coniunctus
1576 1745 1650 1801 sum,
1668 1729 1810 1787 nonnuliis
1828 1729 1918 1787 multa

207 1821 235 1872 et
252 1831 355 1886 magna
372 1814 476 1884 debeo,
486 1829 577 1870 nemo
596 1817 723 1868 vostrum
741 1825 786 1867 me
805 1810 861 1868 nisi
878 1807 1061 1869 faustissuma
1078 1827 1207 1885 quaeque
1231 1819 1260 1869 et
1277 1827 1481 1885 prosper-ruma
1498 1810 1669 1884 adprecatur
1687 1813 1807 1885 excepit.
1852 1811 1916 1870 Scio

206 1900 236 1957 in
250 1899 329 1956 vobis
341 1916 404 1958 eam
415 1899 564 1971 pietatem,
579 1912 642 1954 eam
656 1895 803 1968 ιιιιιιιιιιι,
816 1889 886 1953 'eam
901 1895 1059 1954 doctrinam
1075 1903 1103 1954 et
1116 1896 1298 1970 prudentiam
1317 1913 1392 1968 esse,
1411 1912 1482 1967 quas
1499 1895 1547 1952 vix
1564 1897 1634 1953 satis
1647 1895 1810 1955 honorificis
1824 1898 1919 1956 verbis

207 1982 316 2042 ecferre
333 1998 453 2056 queam:
480 1997 537 2039 non
554 1980 665 2054 ignoro,
684 1995 733 2037 vos
752 1978 787 2036 de
807 1979 861 2038 hac
878 1979 976 2037 schola
993 1981 1034 2040 ita
1051 1982 1202 2054 meruisse,
1230 1987 1262 2038 ut
1284 1981 1364 2038 vobis
1382 1984 1465 2053 grets
1491 1981 1529 2038 sit
1546 1981 1652 2054 petria,
1678 1983 1754 2053 grati
1776 1980 1917 2054 discipuli,

207 2069 282 2142 grati
301 2084 398 2125 eorum
416 2070 550 2139 parentes
568 2081 602 2123 ac
620 2063 781 2136 propinqui.
826 2064 890 2136 Ipse
915 2079 967 2137 ego
986 2065 1066 2124 vobis
1084 2066 1205 2137 gratiam
1222 2081 1383 2123 maxumam
1404 2064 1510 2137 habeo,
1533 2065 1609 2137 quod
1626 2072 1724 2124 vostra
1741 2082 1828 2140 opera
1845 2065 1920 2124 hene

207 2152 333 2210 scholam
350 2152 491 2222 integram
509 2153 539 2206 et
555 2147 704 2207 florentem
722 2147 839 2219 accipio.
884 2147 949 2206 Scio
967 2155 1074 2222 quanto
1092 2165 1178 2222 opere
1196 2149 1330 2221 doleatis,
1358 2148 1434 2222 quod
1457 2151 1484 2208 is
1512 2150 1568 2224 vir,
1597 2167 1680 2222 quem
1700 2150 1798 2223 quanti
1815 2148 1918 2208 faciam

206 2244 292 2296 antea
309 2235 443 2307 audistis,
461 2235 498 2292 ab
513 2229 593 2292 'vobis
607 2232 784 2304 discesserit,
804 2249 839 2290 ιι
856 2233 949 2292 acrius
967 2250 1020 2306 ego
1038 2233 1164 2306 adnitar,
1183 2234 1226 2291 uti
1243 2233 1314 2290 mibi
1328 2249 1440 2306 quoqne
1457 2234 1677 2293 benivolentiam
1691 2240 1777 2308 atque
1794 2249 1919 2293 amorem

206 2321 345 2394 praebere
363 2319 491 2392 possitis,
515 2333 605 2389 eoque
626 2318 716 2390 magis
736 2316 766 2373 id
788 2317 971 2391 contendam,
995 2319 1062 2391 quic
1079 2336 1132 2376 usu
1150 2323 1315 2390 conpertum
1333 2318 1439 2391 habeo,
1462 2335 1518 2377 non
1537 2320 1600 2391 plus
1618 2327 1758 2378 rectorem
1776 2319 1836 2377 sine
1855 2335 1921 2377 cona

206 2407 291 2479 legis,
318 2421 402 2477 quam
424 2404 556 2476 conlegas
578 2403 639 2460 sine
660 2407 772 2461 rectore
791 2417 883 2473 posse.
928 2400 1029 2461 Certus
1051 2419 1127 2474 sum,
1156 2403 1289 2475 quoniam
1310 2403 1435 2460 muneris
1457 2405 1637 2462 necessitudo
1654 2422 1687 2462 ac
1706 2405 1827 2464 societas
1845 2403 1921 2460 inter

207 2507 260 2549 nos
277 2487 444 2561 intercedit,
463 2487 533 2544 mihi
550 2487 582 2543 in
599 2485 706 2544 tuenda
723 2485 777 2544 boc
797 2486 894 2544 schola
911 2503 929 2543 a
946 2487 1026 2545 vobis
1036 2485 1237 2545 firmissumum
1254 2486 1429 2559 praesidium
1446 2493 1532 2560 atque
1549 2487 1743 2546 adiumentum
1762 2504 1818 2547 non
1840 2486 1918 2545 defu-

208 2583 317 2633 turum:
341 2591 394 2646 pro
411 2589 475 2631 mea
491 2573 580 2644 igitur
598 2576 680 2644 parte
699 2569 779 2629 vobis
797 2569 946 2643 polliceor,
972 2589 1016 2629 me
1039 2589 1151 2643 semper
1172 2587 1324 2629 memorem
1342 2570 1469 2629 futurum
1491 2589 1566 2646 esse,
1589 2571 1755 2644 quidnobis
1773 2579 1920 2645 praestare

209 2659 341 2731 debeam,
365 2675 477 2730 semper
494 2656 532 2715 ad
549 2655 619 2712 illud
637 2655 863 2727 elaboraturum,
886 2662 917 2711 ut
940 2656 1016 2714 inter
1034 2671 1086 2714 nos
1103 2655 1256 2714 concordia
1278 2655 1315 2713 sit
1337 2661 1366 2712 et
1384 2669 1537 2715 consensus
1555 2657 1699 2714 honestus.
1745 2657 1920 2728 Quamquam

208 2741 272 2801 fieri
290 2743 336 2806 vix
355 2743 473 2815 poterit,
493 2742 561 2812 quin
578 2739 722 2797 interdum
738 2739 769 2796 in
787 2739 915 2798 divorsas
928 2741 1084 2799 sententias
1102 2739 1292 2808 discedamus,
1311 2745 1406 2798 ιιιιιιι
1425 2745 1457 2795 ut
1469 2741 1545 2799 absit
1559 2743 1605 2799 ira
1622 2746 1652 2798 et
1666 2741 1792 2799 studium
1809 2755 1922 2814 semper

209 2829 316 2886 curabo
333 2833 362 2884 et
380 2827 534 2885 consulam.
571 2823 665 2895 Atque
683 2825 769 2882 etiam
788 2824 864 2897 quod
882 2825 973 2883 maius
991 2831 1046 2898 est,
1066 2824 1144 2884 vobis
1163 2839 1259 2881 voveo.
1292 2824 1363 2882 Cum
1380 2825 1436 2881 iem
1454 2831 1566 2884 veteres
1579 2826 1701 2884 Ιιιιιιιιιι
1718 2824 1920 2898 intellexerint,

210 2911 327 2970 honoris
345 2919 375 2970 et
393 2909 519 2969 muneris
542 2907 780 2966 necessitudinem
798 2910 839 2966 ita
863 2916 991 2966 sanctam
1009 2927 1083 2983 esse,
1112 2915 1143 2967 ut
1167 2909 1204 2967 ab
1225 2909 1402 2980 cognationis
1420 2916 1449 2968 et
1467 2910 1720 2983 consanguinitatis
1737 2910 1847 2967 ratione
1864 2925 1921 2966 non

211 2995 336 3069 differat,
358 2997 412 3054 boc
431 2994 564 3066 consequi
583 2993 716 3065 studebo,
739 3001 773 3050 ut
791 2994 877 3052 etiam
895 2995 1024 3066 privatae
1042 2995 1117 3052 ritae
1134 2994 1315 3065 omniumque
1339 3008 1434 3050 rernm
1459 3000 1621 3053 nostrarum
1644 2993 1765 3053 societas
1782 2992 1923 3066 quaedam

210 3081 331 3140 interior
347 3097 411 3138 cum
429 3079 549 3137 caritate
567 3083 596 3135 ιι
613 3077 806 3136 benivolentia
823 3078 860 3137 ad
878 3079 1004 3136 muneris
1022 3078 1247 3136 commonionem
1265 3076 1395 3136 adcedat.
1436 3079 1569 3137 Animum
1587 3094 1680 3136 meum
1697 3079 1727 3136 in
1745 3094 1795 3136 vos
1813 3093 1923 3135 summo

211 3181 307 3224 amore
325 3167 472 3222 incensum
490 3177 565 3235 esse,
589 3163 699 3220 sincere
717 3169 803 3232 atque
821 3163 932 3233 integre
950 3164 1031 3221 robis
1051 3159 1203 3220 confirmo:
1226 3162 1303 3234 agite
1320 3177 1404 3235 vcro,
1428 3163 1482 3221 viri
1499 3163 1689 3236 amatissumi,
1711 3162 1787 3236 qnod
1805 3179 1823 3220 ι
1840 3162 1922 3220 vobis

212 3249 408 3308 curatiseumis
426 3246 558 3319 precibus
577 3253 655 3320 peto,
674 3262 710 3304 ne
728 3246 798 3304 mihi
816 3246 971 3318 denegetis.
1036 3265 1039 3274 ¹

378 3372 423 3430 Ad
445 3387 495 3430 vos
516 3387 561 3430 me
585 3377 734 3444 converto,
762 3372 896 3444 discipuli
919 3374 1075 3432 carissumi.
1120 3371 1238 3445 Semper
1262 3372 1356 3430 studio
1379 3373 1502 3446 quodam
1522 3374 1634 3432 ardenti
1657 3374 1768 3431 animus
1790 3387 1868 3430 mens
1886 3372 1924 3432 ad

212 3458 329 3516 iuvenes
346 3456 509 3516 educandos
532 3462 562 3513 et
583 3457 776 3529 procurandos
799 3458 874 3516 latus
896 3463 952 3529 est,
974 3475 1092 3529 eamque
1110 3458 1147 3515 ob
1164 3473 1295 3516 caussam
1317 3475 1436 3517 munera
1454 3464 1672 3530 praeceptorum
1690 3458 1720 3515 in
1737 3457 1841 3515 sebobs
1857 3472 1923 3528 pro

214 3541 383 3600 vincialibus
400 3557 530 3599 maxume
549 3541 686 3613 optabilia
703 3540 773 3598 mihi
797 3542 858 3600 visa
880 3547 958 3614 sunt,
977 3543 1054 3615 quod
1070 3545 1100 3600 in
1118 3544 1159 3601 eis
1176 3542 1297 3601 interior
1313 3542 1427 3614 quidam
1445 3560 1535 3623 nexus
1552 3541 1784 3615 frequentiorque
1807 3556 1924 3600 consue-

213 3625 283 3684 tudo
301 3642 364 3684 cum
382 3626 543 3700 discipulis,
568 3642 653 3697 quam
675 3626 706 3683 in
728 3627 793 3684 aliis
813 3633 896 3685 esset.
942 3627 1004 3685 Hoc
1021 3627 1110 3700 igitur
1128 3626 1165 3686 ad
1183 3643 1232 3684 ιιι
1250 3627 1344 3685 animo
1362 3627 1457 3700 venio,
1481 3633 1513 3686 ut
1531 3626 1611 3685 vobis
1633 3627 1761 3699 parentis
1778 3625 1840 3683 loco
1860 3641 1923 3684 esse

213 3711 307 3768 velim.
351 3709 399 3768 Nil
422 3712 567 3783 antiquius
589 3709 714 3783 habebo,
742 3727 826 3783 quarn
849 3717 881 3769 ut
904 3726 1001 3770 veram
1024 3719 1150 3770 vostram
1171 3711 1292 3769 salutem
1306 3712 1436 3769 omnibus
1453 3711 1544 3770 modis
1562 3727 1681 3783 augeam
1699 3715 1728 3769 et
1745 3708 1923 3782 amplificem

213 3800 246 3851 ut
262 3795 378 3866 pictatis
396 3799 425 3853 et
441 3795 628 3854 humanitatis
647 3795 755 3852 semina
769 3795 914 3853 inanimis
929 3797 1032 3855 vostris
1051 3805 1166 3854 strenue
1184 3811 1344 3867 conseram,
1363 3795 1482 3854 adsidua
1498 3795 1669 3868 custodiam,
1689 3794 1842 3867 diligenter
1858 3810 1924 3867 pro

213 3877 324 3938 ducam.
368 3878 417 3936 iiii
435 3896 569 3950 umquam
588 3878 748 3952 neglegam,
772 3880 847 3952 quod
865 3880 945 3938 vobis
963 3882 1151 3939 emolumento
1169 3885 1199 3937 et
1215 3878 1362 3937 commodo
1381 3895 1443 3938 esse
1463 3881 1561 3952 possit.
1606 3878 1749 3952 Quidquid
1772 3895 1821 3937 vos
1845 3879 1925 3950 augit

214 3963 260 4020 vel
277 3961 390 4035 pungit,
418 3963 556 4034 quidquid
574 3965 654 4022 vobis
672 3973 723 4023 ant
740 3966 823 4024 triste
841 3971 891 4023 ιιιι
907 3980 1075 4037 prosperum
1093 3965 1232 4036 evenerit,
1259 3980 1372 4036 semper
1397 3981 1442 4022 me
1468 3963 1614 4023 vobiscum
1632 3970 1683 4022 aut
1704 3962 1859 4024 laetantem
1877 3969 1927 4022 aut

213 4045 357 4106 dolentem
376 4046 527 4105 habebitis.
572 4047 678 4118 Quodsi
696 4049 774 4108 Dens
792 4055 924 4121 optumus
942 4049 1012 4106 mihi
1030 4049 1134 4106 cotidie
1153 4049 1319 4121 subpliciter
1336 4050 1451 4121 roganti
1471 4050 1525 4107 boe
1548 4047 1675 4122 dederit,
1701 4055 1733 4106 nt
1755 4065 1806 4106 vos
1829 4064 1874 4106 me
1895 4049 1926 4106 in

214 4130 275 4189 dies
289 4130 379 4202 magis
394 4132 524 4188 venerari
538 4138 624 4204 atque
642 4149 739 4192 amare
756 4133 885 4204 timeatis,
906 4139 966 4191 tum
984 4133 1097 4192 demum
1114 4133 1279 4192 laetissuma
1296 4149 1361 4205 spes
1379 4133 1450 4192 mibi
1468 4132 1598 4206 adfnlget
1611 4131 1672 4191 iore
1690 4139 1735 4206 ut,
1755 4133 1831 4205 quod
1843 4131 1928 4190 bodie

215 4215 338 4287 suscipio
360 4231 479 4287 munus,
505 4213 574 4273 felix
598 4214 723 4275 faustum
745 4217 978 4288 fortunatumque
999 4219 1046 4276 ιιι.
1091 4216 1141 4275 Set
1163 4218 1212 4288 qui
1234 4222 1310 4276 esset
1333 4234 1416 4276 verus
1438 4234 1517 4277 meus
1534 4218 1623 4276 vostri
1646 4233 1740 4291 amor,
1764 4217 1879 4290 siquae
1897 4217 1927 4273 in
2025 4217 2033 4232 ⁶

214 4301 294 4358 vobis
318 4298 421 4357 vitiosa
447 4306 497 4355 eut
524 4301 616 4358 minus
643 4309 735 4375 recta,
759 4301 988 4374 deprehendero,
1014 4302 1164 4375 indulgere
1182 4318 1267 4374 qnam
1288 4302 1437 4374 conrigere
1454 4304 1580 4376 mallem,
1607 4302 1631 4360 si
1657 4318 1720 4361 eam
1745 4301 1926 4360 severitatem

214 4383 394 4457 disciplinae,
422 4398 507 4454 quam
523 4381 578 4442 Dei
601 4385 679 4456 leges
696 4383 875 4460 ecflagitant,
897 4400 944 4444 ιιι
966 4384 1080 4458 publica
1102 4387 1239 4460 postulat,
1265 4402 1399 4445 exercere
1423 4387 1548 4454 nollem?
1583 4386 1629 4444 Nil
1648 4385 1795 4446 ardentius
1811 4383 1847 4443 ab
1865 4383 1928 4442 Deo

206 4482 324 4536 ,summo
342 4483 459 4540 precor,
481 4483 568 4541 qnam
584 4484 620 4526 ne
639 4484 809 4542 quemquam
827 4478 955 4529 rostrum
971 4471 1100 4543 graviter
1116 4487 1150 4531 ιι
1167 4486 1267 4530 severe
1284 4471 1425 4544 castigare
1447 4479 1476 4530 ct
1497 4473 1600 4544 punire
1623 4485 1724 4542 cogar,
1747 4474 1792 4527 ιιι
1812 4468 1838 4526 ιι
1858 4468 1929 4527 illud

213 4552 403 4613 incolumitati
421 4567 455 4610 ac
473 4552 558 4612 saluti
576 4569 639 4610 cum
658 4555 753 4628 vobis,
776 4561 837 4612 tum
854 4556 1005 4614 univorsaa
1023 4554 1137 4614 scholae
1154 4553 1281 4614 futurum
1299 4555 1352 4628 sit,
1374 4573 1410 4615 ne
1428 4557 1499 4614 mibi
1516 4553 1636 4614 firmitas
1653 4560 1683 4612 et
1701 4554 1827 4626 gravitas
1845 4553 1928 4612 desit.

215 4637 309 4708 Quare
324 4637 382 4695 tria
396 4652 460 4709 vos,
479 4636 611 4710 discipuli
624 4639 787 4712 carissmni,
804 4639 899 4698 auimo
916 4639 1185 4698 benivolentissumo
1203 4655 1305 4698 moneo
1318 4645 1347 4698 et
1364 4657 1443 4713 rogo.
1470 4639 1535 4699 Scio
1549 4640 1679 4711 iuvenes,
1698 4655 1754 4710 quo
1771 4636 1931 4697 acrioribus

214 4721 340 4792 ingeniis
368 4721 439 4794 sint,
466 4737 501 4779 co
527 4722 673 4780 molestius
691 4729 777 4798 atque
795 4725 909 4796 aegrius
931 4726 1055 4784 tolerare
1078 4722 1181 4782 barum
1202 4723 1362 4782 scholarum
1384 4725 1572 4798 disciplinam.
1617 4723 1710 4782 Multa
1731 4723 1812 4782 vobis
1830 4721 1930 4798 negari

207 4802 318 4878 quibus
332 4807 467 4879 aequales
480 4806 633 4864 liberrume
648 4805 794 4880 fruantur,
813 4807 910 4867 dolere
929 4808 1042 4868 soletis:
1062 4812 1193 4880 tempora
1206 4807 1286 4866 vobis
1299 4807 1337 4867 ad
1355 4817 1463 4868 certam
1481 4825 1610 4868 normam
1624 4808 1783 4882 descripta,
1798 4804 1866 4879 qnid
1879 4819 1932 4876 per

210 4887 275 4945 ,otia
293 4887 407 4963 vitetis,
425 4891 494 4962 quid
511 4891 575 4950 aliis
592 4891 671 4950 horis
688 4894 782 4966 agatis
800 4889 1008 4967 praescriptum
1025 4908 1087 4950 ease
1105 4891 1222 4964 indigne
1240 4890 1316 4950 ferre
1334 4894 1440 4952 soletis.
1481 4894 1546 4952 Non
1562 4892 1642 4966 illud,
1661 4891 1737 4966 qnod
1754 4892 1784 4949 in
1800 4887 1933 4946 iuvenilis

207 4971 314 5044 ingeni
335 4979 441 5031 natura
465 4976 589 5047 positum
609 4981 666 5050 cst,
693 4976 848 5050 obprobrio
868 4977 948 5036 vobis
966 4977 1055 5050 dabo,
1083 4977 1107 5034 si
1125 4974 1163 5036 ad
1179 4976 1316 5035 mamrem
1333 4977 1497 5038 libertatem
1513 4977 1668 5052 adspiretis
1684 4990 1803 5048 eamque
1820 4971 1933 5032 ardenti

215 5054 362 5113 desiderio
381 5061 537 5135 exoptetis,
557 5066 601 5119 eet
618 5075 654 5118 ne
671 5078 806 5136 umquam
823 5077 858 5119 ea
873 5062 1011 5120 naturalis
1029 5060 1171 5134 cupiditas
1186 5061 1218 5118 in
1234 5062 1330 5136 legum
1347 5063 1566 5135 migrandarum
1575 5062 1718 5134 pruritum
1735 5059 1878 5128 crumpat,
1898 5072 1935 5113 ne

208 5155 351 5224 ,uunquam
374 5140 403 5196 in
425 5142 472 5226 ¹eis
495 5144 697 5226 uiolandis-ac,
710 5144 924 5224 contemnendis
950 5145 1063 5206 laudem
1088 5162 1121 5204 ac
1147 5145 1268 5224 gloriam
1297 5147 1459 5220 quaeratisi
1493 5147 1671 5222 ¹Mementote
1694 5179 1734 5189 -
1755 5142 1831 5200 insto
1853 5138 1935 5202 votis

1686 5243 1728 5308 6*
