4824 5894
1076 543 1119 616 ΙΙΙ

407 771 487 831 zum
500 768 697 846 Nachfolger
714 766 871 830 c'rnannte
889 767 948 828 dae
965 767 1061 828 liobe
1071 763 1265 842 liiinigliche
1279 764 1494 826 Ministerium
1513 769 1610 834 unter
1627 765 1701 827 dem
1722 770 1770 831 14.
1784 766 1874 845 April
1892 769 1955 832 den

212 903 215 910 ⁴
240 871 543 944 unterzeiohneten
561 870 708 940 welcher,
726 869 887 931 nachdem
901 886 937 930 er
950 885 1014 928 ron
1027 861 1156 944 August
1172 865 1252 930 fsto
1264 867 1314 927 bis
1328 867 1498 929 Michaelis
1513 867 1588 932 1861
1610 883 1651 928 an
1670 855 1727 929 der
1739 869 1955 947 lliniglicheu

242 973 486 1035 Landesschule
503 975 552 1034 als
566 973 701 1043 Lebrer‚
730 973 849 1033 zuletzt
871 971 919 1031 ais
937 969 1185 1030 Klassenlehrer
1203 968 1260 1029 der
1278 967 1428 1030 Secunda
1445 969 1592 1045 gewirkt,
1615 985 1681 1030 ron
1704 969 1747 1030 da
1765 967 1806 1032 an
1825 971 1884 1034 das
1902 974 1956 1034 Di-

243 1082 386 1138 rectorat
403 1075 461 1137 der
478 1076 678 1150 vereinigten
698 1071 905 1149 Gymnasial-
923 1071 990 1132 und
1008 1070 1304 1131 Reaischulanstalt
1320 1085 1361 1130 zu
1377 1071 1498 1130 Plauen
1516 1071 1710 1132 verwaltete.
1745 1073 1809 1134 Am
1827 1072 1876 1138 28.
1890 1075 1959 1136 Mai

242 1176 319 1238 land
336 1176 388 1237 die
406 1177 614 1252 Einweisung
634 1179 726 1244 statt‚
750 1189 791 1232 zu
813 1173 953 1234 welcher
971 1171 1030 1232 das
1051 1172 1269 1234 Ministerium
1294 1172 1357 1233 den
1380 1171 1488 1232 Herm
1511 1172 1690 1233 Geheimen
1712 1174 1871 1235 Kirchen·
1889 1177 1958 1248 und

244 1279 416 1342 SchuIrath
434 1279 488 1337 Dr.
507 1277 670 1348 Gilbert‚
694 1275 797 1335 Ritter
814 1290 844 1334 u.
859 1290 883 1334 s.
897 1291 949 1346 ra,
972 1273 1173 1348 abgeordnet
1195 1273 1295 1333 hatte.
1338 1272 1507 1334 Nachdem
1529 1289 1586 1332 um
1603 1275 1623 1336 9
1642 1274 1710 1334 Uhr
1727 1277 1772 1335 im
1791 1275 1958 1354 Synoden-

243 1381 378 1440 zimmer
397 1377 447 1440 die
462 1379 708 1456 Verpfiichtung
724 1376 895 1452 roilzogen
912 1391 991 1446 war,
1009 1373 1119 1434 wurde
1137 1390 1194 1433 urn
1209 1374 1247 1436 ili
1263 1373 1331 1433 Uhr
1345 1373 1396 1434 die
1412 1371 1576 1437 feieriiche
1589 1376 1767 1454 Handlung
1783 1379 1816 1438 in
1831 1379 1958 1457 Gegen-

243 1485 324 1541 wart
339 1461 400 1540 ,der
416 1479 587 1542 Bebdrden
604 1480 671 1541 und
688 1479 788 1539 vieler
806 1477 1011 1553 angesehner
1028 1476 1164 1537 Minner
1182 1476 1240 1538 der
1257 1475 1351 1536 Stadt
1368 1475 1471 1536 durch
1488 1475 1550 1538 den
1567 1478 1699 1555 Gesang
1717 1481 1805 1541 einer
1819 1481 1958 1545 Motette

243 1599 319 1641 rom
334 1580 548 1642 Schiilerchor
566 1582 710 1643 erdffnet.
754 1580 839 1640 Herr
854 1578 1029 1639 Geheimer
1042 1577 1202 1638 Kircbeu-
1219 1577 1285 1637 und
1300 1576 1473 1638 Schulrath
1490 1577 1544 1638 Dr.
1560 1579 1709 1642 Gilbert
1726 1598 1756 1641 u.
1771 1599 1795 1642 s.
1809 1600 1846 1642 w.
1865 1560 1959 1646 iiter-

243 1684 365 1745 reichte
383 1679 492 1744 zuerst
509 1688 604 1743 unter
621 1683 814 1743 ehrendster
828 1681 1069 1754 Anerlrennnng
1083 1679 1158 1739 dem
1178 1680 1395 1760 emeritierten
1409 1677 1528 1740 Rector
1542 1681 1712 1743 Professor
1725 1684 1779 1742 Dr.
1793 1685 1959 1746 Wunder

130 1812 139 1824 ·
244 1784 302 1844 das
325 1784 393 1842 ihm
415 1800 481 1844 von
507 1783 553 1844 Sr.
571 1784 727 1857 Majestat
752 1783 917 1842 rerliehne
939 1780 1201 1841 Komthurkreuz
1223 1779 1390 1841 11.classe
1416 1780 1475 1840 des
1501 1781 1627 1858 Kfinigl.
1653 1783 1958 1860 Verdienstordens,

243 1885 350 1947 tiihrte
370 1885 488 1946 darauf
502 1886 565 1946 den
583 1883 752 1960 kirnftigen
769 1883 889 1944 Rector
909 1883 942 1942 in
961 1884 1031 1944 sein
1048 1883 1127 1942 Amt
1148 1883 1201 1943 ein
1224 1882 1290 1942 und
1311 1883 1447 1943 richtete
1466 1897 1508 1942 an
1530 1883 1581 1943 die
1604 1881 1739 1945 Schiiler
1760 1889 1793 1947 in
1817 1890 1957 1965 goldnen

243 1989 374 2049 Worten
392 1988 553 2049 heraliche
570 1987 839 2062 Ermahnungen,
858 1987 917 2045 mit
934 1985 1152 2046 christlichem
1171 1983 1264 2044 Geist
1282 1984 1339 2044 der
1357 1985 1584 2046 Genusssucht
1601 2003 1642 2045 zu
1654 1987 1875 2066 ,widerstehen
1892 1992 1958 2052 uud

245 2089 296 2150 die
310 2089 525 2151 Gewohnheit
538 2089 783 2150 verschlossner
797 2086 1081 2163 Liigenhaftiglreit
1092 2085 1182 2146 nicht
1193 2090 1289 2146 unter
1302 2085 1372 2146 sich
1388 2087 1566 2148 einreissen
1584 2106 1625 2148 zu
1637 2090 1754 2151 iassen.
1789 2091 1959 2154 Nachdem

231 2190 297 2268 ,dle
316 2191 524 2266 inspectoren
539 2191 584 2249 im
599 2191 725 2252 flamen
744 2190 802 2251 des
820 2189 919 2250 Clitus
933 2188 1035 2249 durch
1047 2187 1261 2262 Handschlag
1275 2187 1334 2248 das
1349 2188 1503 2250 Geidbnis
1518 2188 1576 2250 des
1590 2190 1790 2253 Gehorsams
1809 2194 1960 2268 gegeben

244 2291 373 2362 hatten,
391 2295 456 2351 trat
474 2291 532 2353 der
549 2291 819 2353 Unterzeichnete
843 2290 913 2350 sein
930 2290 1008 2349 Amt
1026 2291 1085 2349 mit
1106 2288 1275 2364 folgender
1292 2289 1382 2351 Rede
1405 2306 1460 2361 an,
1482 2292 1604 2352 welche
1627 2309 1662 2354 er
1681 2293 1768 2354 nach
1785 2295 1960 2356 manchem

246 2392 421 2454 Bedenken
438 2394 521 2466 hier,
540 2409 597 2453 um
615 2395 667 2454 ein
686 2391 1241 2468 Zeugnisvon·denEntschli1ssen
1262 2393 1329 2453 und
1348 2392 1581 2468 Gesinnungen
1602 2411 1643 2453 zu
1666 2397 1785 2470 geben,
1807 2397 1866 2455 mit
1886 2396 1961 2456 wei·
2002 2453 2003 2456 ,

246 2495 327 2556 chen
346 2512 382 2556 er
400 2494 459 2555 das
477 2495 714 2571 hochwicbtige
731 2495 809 2554 Amt
827 2494 1076 2564 iibernommen,
1095 2495 1282 2556 abdrucken
1301 2511 1342 2554 zu
1358 2495 1468 2554 iassen
1486 2495 1556 2554 sich
1574 2496 1801 2556 entschlossen
1818 2497 1884 2556 hat.

999 2648 1195 2732 Adlocut.

412 2765 607 2870 Quamquam
631 2812 703 2870 quae
725 2796 780 2854 boc
802 2796 848 2855 die
866 2797 991 2857 animum
1009 2813 1102 2855 meum
1119 2803 1302 2872 permovent,
1329 2798 1423 2871 patrio
1441 2813 1571 2856 sermone
1589 2815 1634 2856 me
1652 2798 1811 2873 lubentius,
1837 2797 1958 2880 fecilior,

247 2883 407 2957 expeditius
424 2882 636 2941 declaraturum
654 2885 683 2940 et
701 2897 902 2953 expressurum
918 2879 1007 2939 fuisse
1026 2881 1099 2939 baut
1118 2879 1226 2940 infitior
1244 2899 1341 2954 vneque
1358 2897 1491 2954 umquam
1507 2881 1654 2957 dubitavi,
1681 2883 1750 2955 quin
1766 2884 1809 2943 ita
1826 2899 1899 2956 quae
1915 2883 1972 2941 dii

247 2973 344 3028 cturus
361 2983 453 3027 essem
470 2967 507 3025 ab
524 2966 683 3024 iunioribus
700 2971 731 3024 et
743 2966 836 3023 minus
851 2964 1015 3024 exercitatis
1032 2965 1133 3025 melius
1145 2967 1394 3041 intellegerentur,
1412 2967 1643 3041 perciperentur,
1661 2972 1842 3042 tenerentur,
1860 2973 1976 3034 tamenn

247 3069 354 3112 morem
371 3055 514 3110 vetustae
532 3051 671 3109 sancitum
689 3049 786 3122 utqui
804 3066 906 3108 munus
927 3050 1124 3122 praeceptoris
1141 3051 1171 3108 in
1188 3050 1243 3110 hac
1260 3051 1357 3110 schola
1374 3056 1537 3124 capessant,
1565 3051 1596 3109 id
1612 3052 1703 3110 latina
1725 3052 1855 3110 oratioue
1876 3053 1958 3111 inan-

247 3143 361 3212 gurent,
389 3151 423 3194 eo
444 3136 535 3208 magis
553 3134 732 3193 retinendum
750 3135 862 3208 putavi,
889 3133 957 3206 quia
972 3133 1080 3192 nullum
1103 3135 1215 3194 tristius
1233 3151 1316 3194 omen
1334 3141 1392 3209 est,
1421 3152 1505 3208 quarn
1522 3137 1559 3195 ab
1577 3137 1631 3207 eis,
1660 3153 1733 3209 quae
1750 3126 1873 3196 maiores
1889 3153 1958 3210 pru·

247 3223 349 3280 deuter
364 3220 531 3296 instituere,
556 3224 664 3288 temere
682 3235 715 3278 ac
731 3219 834 3277 leviter
849 3217 1009 3277 descivisse.
1054 3216 1104 3277 Set
1122 3221 1255 3292 quoniam
1272 3220 1436 3279 hisdiebus
1458 3224 1518 3278 mm
1536 3221 1627 3279 muita
1644 3237 1689 3278 me
1706 3221 1855 3293 perculere
1873 3227 1959 3293 atque

247 3307 416 3377 obpressere
438 3339 478 3347 -
501 3303 606 3362 etenim
623 3320 660 3361 ne
678 3318 885 3361 conmemorem
903 3301 940 3360 ab
957 3302 1128 3376 terroribus,
1156 3305 1205 3376 qui
1227 3321 1302 3362 nunc
1323 3305 1458 3376 cuiusque
1481 3305 1593 3377 patriae
1610 3306 1732 3364 amantis
1750 3310 1851 3377 pectus
1868 3307 1905 3364 ad
1923 3306 1960 3362 ti-

248 3404 354 3448 morem
374 3394 402 3446 et
419 3387 637 3460 trepidationem
656 3389 792 3460 adegere,
819 3403 864 3444 me
882 3403 993 3459 quoque
1010 3403 1067 3446 non
1085 3388 1209 3446 alienum
1226 3388 1328 3462 fuisse,
1354 3388 1391 3447 ab
1409 3388 1556 3461 discipulis
1575 3395 1606 3446 ut
1624 3390 1786 3448 carissumis
1802 3389 1844 3448 ita
1860 3405 1958 3448 aman·

247 3474 386 3547 tissumis,
413 3473 450 3531 ab
474 3473 599 3545 conlegis
621 3471 869 3530 coniunctissumis
891 3477 920 3530 et
941 3472 1143 3546 amicissumis,
1169 3473 1207 3531 ab
1230 3474 1372 3548 cognatis,
1398 3474 1579 3547 propinquis,
1607 3473 1795 3533 familiaribus
1817 3491 1910 3532 meum
1928 3478 1958 3531 et

247 3573 374 3616 meorum
397 3557 553 3616 discessum
575 3557 702 3628 graviter
724 3556 768 3615 vel
791 3563 891 3614 tenere
914 3556 1114 3630 plangentibus
1136 3557 1190 3615 nisi
1213 3574 1322 3616 summo
1344 3573 1408 3616 cum
1429 3557 1527 3615 dolore
1545 3558 1625 3616 abire
1641 3575 1701 3615 uon
1718 3558 1799 3630 potui
1817 3565 1846 3615 et
1863 3574 1960 3614 rerum

247 3642 373 3701 omnium
394 3657 521 3700 mearum
541 3642 571 3698 in
593 3641 770 3700 brevissumo
791 3645 920 3713 tempore
941 3641 998 3699 buc
1019 3638 1285 3700 transferundarum
1303 3657 1388 3700 curae
1406 3658 1441 3700 ac
1457 3641 1570 3700 labores
1586 3658 1644 3700 non
1661 3642 1749 3701 animi
1767 3643 1857 3714 magis
1875 3659 1960 3714 quam

248 3727 376 3798 corporis
393 3727 451 3783 vim
471 3730 500 3784 et
517 3727 644 3784 valorem
661 3724 856 3798 defatigavere
878 3761 919 3768 —
941 3725 1022 3784 enixe
1040 3741 1104 3798 vos,
1134 3742 1173 3800 a,
1201 3731 1316 3798 rogatos
1338 3733 1424 3799 atque
1441 3731 1537 3783 oratos
1549 3749 1550 3752 ¹
1562 3727 1639 3800 volo,
1665 3743 1701 3784 ne
1727 3725 1848 3784 nitidam
1865 3727 1961 3800 potius

247 3827 281 3868 ac
299 3809 477 3882 splendidam
495 3827 579 3883 quam
598 3811 755 3882 simplicem
772 3815 802 3868 et
818 3809 966 3883 inpolitum
986 3826 1004 3868 a
1026 3827 1071 3868 me
1095 3809 1254 3868 orationem
1277 3810 1434 3884 expectetis
1453 3815 1482 3867 et
1500 3809 1677 3869 desideretis.
1721 3809 1783 3868 Nec
1800 3827 1869 3870 vero
1886 3825 1960 3884 quae

247 3893 331 3952 modo
358 3893 393 3953 de
415 3895 556 3954 discessus
579 3893 725 3953 doloribus
747 3900 833 3966 atque
855 3894 998 3952 aerumnis
1022 3894 1095 3968 diri,
1120 3896 1178 3968 ita,
1204 3911 1245 3968 a,
1272 3895 1309 3953 ab
1326 3896 1407 3953 robis
1429 3894 1556 3968 intellegi
1578 3895 1675 3968 cupio,
1705 3896 1786 3967 quasi
1804 3897 1911 3954 invitus
1929 3899 1959 3952 et

248 3977 412 4036 necessitati
429 3979 533 4037 cedens
551 3978 587 4037 ad
605 3996 655 4038 vos
673 3980 814 4036 venerim:
838 3980 924 4036 immo
943 3994 1052 4036 summa
1069 3979 1206 4052 reiigione
1225 3996 1259 4038 ac
1277 3979 1384 4050 pietate
1401 3983 1493 4036 testor
1510 3993 1554 4036 me
1573 3979 1634 4037 Deo
1652 3977 1840 4051 omnipotenti
1858 3987 1887 4038 et
1904 3980 1961 4036 cle-

246 4063 431 4121 mentissumo
448 4068 481 4120 ut
498 4064 624 4120 omnium
641 4064 682 4121 sic
699 4077 826 4122 mearum
843 4077 954 4135 quoque
972 4077 1066 4120 rerum
1083 4064 1192 4122 arbitro
1211 4070 1241 4122 et
1258 4062 1442 4136 gubernatori
1463 4063 1630 4122 iustissumo
1647 4070 1741 4122 mente
1761 4070 1856 4136 grates
1873 4078 1960 4135 agere

246 4150 332 4220 atque
354 4146 474 4219 babere,
502 4147 580 4220 quod
600 4163 646 4205 me
669 4147 698 4204 in
721 4149 796 4205 hunc
815 4149 909 4205 locum
932 4145 1027 4203 redire
1048 4148 1145 4205 voluit.
1191 4148 1297 4206 Redire
1316 4148 1419 4221 voluit,
1446 4147 1570 4218 inquam.
1614 4148 1714 4220 Neque
1737 4149 1813 4206 enim
1831 4149 1960 4221 ignotum

247 4232 315 4290 mihi
334 4233 387 4289 hoc
404 4231 539 4304 oppidum
558 4237 614 4290 est:
643 4232 763 4289 multum
786 4232 923 4303 temporis
945 4231 1073 4302 quamvis
1095 4247 1151 4289 non
1174 4248 1291 4306 prorsus
1314 4233 1374 4290 sine
1392 4231 1602 4290 calamitatibus
1621 4239 1650 4290 et
1667 4231 1837 4306 angoribus,
1863 4239 1960 4290 tamen

247 4317 411 4389 plerumque
430 4315 522 4373 laetus
540 4331 574 4374 ac
593 4314 660 4373 felix
679 4316 726 4372 hic
744 4317 833 4387 exegi.
871 4314 935 4374 Non
953 4315 1051 4386 ignota
1068 4316 1137 4373 mihi
1157 4319 1228 4375 haec
1245 4317 1343 4375 schola
1362 4321 1418 4374 est:
1437 4316 1653 4396 plusgrmttuor
1669 4319 1761 4386 lustra
1778 4318 1807 4386 in
1826 4333 1861 4386 ea
1877 4330 1960 4388 prae-

248 4401 374 4476 ceptoris
389 4416 489 4482 munus
507 4400 641 4472 sustinui,
667 4416 725 4458 non
748 4401 808 4458 sine
831 4400 908 4458 omni
931 4415 1062 4458 successu
1079 4400 1196 4460 iuvenes
1219 4401 1302 4460 docui
1320 4408 1408 4472 atque
1423 4400 1550 4474 institui,
1578 4403 1667 4460 multo
1684 4402 1766 4474 plura
1783 4402 1845 4472 ipse
1862 4397 1959 4456 didici.

247 4463 309 4543 lice
327 4499 440 4558 possum
458 4484 513 4542 nisi
536 4484 706 4556 gratissumo
725 4483 819 4542 animo
841 4484 984 4543 amicitiae
1006 4501 1040 4544 ac
1063 4484 1192 4544 caritatis
1214 4485 1374 4558 recordari,
1402 4501 1473 4557 quae
1498 4501 1543 4542 me
1561 4501 1625 4543 cum
1645 4485 1770 4558 optumis
1787 4483 1912 4558 conlegis
1931 4487 1961 4541 et

247 4569 408 4629 amantibus
426 4569 573 4642 discipulis
592 4585 644 4642 per
661 4567 732 4626 illud
754 4575 866 4642 tempus
887 4569 1042 4627 coniunxit.
1086 4567 1173 4639 Quasi
1190 4570 1228 4629 ab
1243 4569 1475 4642 peregrinatione
1492 4569 1581 4639 igitur
1598 4569 1634 4628 ad
1652 4569 1761 4642 patrios
1779 4575 1897 4641 penates
1916 4583 1962 4625 re-

248 4653 304 4712 dux
320 4651 414 4714 factus
432 4671 502 4713 sum.
537 4653 634 4727 Unde,
654 4653 781 4726 quamuis
804 4658 874 4725 quot
890 4657 1051 4726 quantaque
1067 4653 1123 4710 boc
1139 4669 1241 4713 munus
1259 4654 1296 4712 ab
1315 4653 1431 4712 srmrnris
1448 4669 1543 4711 rerum
1562 4654 1819 4712 ecclesiasticarum
1836 4658 1866 4712 et
1879 4652 1961 4711 scho-

246 4737 410 4798 lasticarum
428 4738 655 4798 moderatoribus
674 4737 743 4795 mihi
762 4737 887 4796 delatum
906 4737 943 4796 ab
960 4755 1004 4796 me
1023 4738 1148 4811 postulet
1164 4746 1251 4810 atque
1269 4737 1410 4810 efflagitet
1426 4753 1483 4795 non
1502 4739 1554 4796 sim
1577 4739 1702 4812 nescius,
1730 4738 1859 4809 quamuis
1878 4736 1961 4795 intel-

247 4822 340 4892 legam
358 4839 442 4906 qnam
460 4821 574 4900 difficile
587 4823 739 4902 ¹sitlocum
758 4823 811 4892 riri
828 4823 1087 4900 pietatedoctriua
1104 4823 1257 4896 prudentia
1276 4822 1411 4896 insignis,
1430 4837 1514 4893 quem
1532 4822 1693 4880 valetudine
1710 4824 1839 4895 corporis
1857 4820 1961 4894 guber-

248 4903 355 4986 nacula·
366 4901 450 4966 buius
464 4903 581 4982 ‘scholae
599 4911 657 4965 tam
676 4906 779 4965 multos
797 4924 850 4980 per
865 4922 955 4965 annos
983 4909 1200 4980 sapientissume
1222 4913 1260 4980 et·
1273 4906 1446 4965 felicissume
1471 4900 1603 4988 innata,
1624 4908 1673 4966 alii
1697 4906 1812 4965 tradere
1831 4908 1960 4963 coactum

249 5005 310 5064 esse
321 4983 377 5060 'e'go
390 4991 450 5062 ipse
466 4993 720 5051 vehementissume
739 4991 821 5049 doleo
839 4991 939 5063 cuique
958 5007 1002 5048 me
1021 4993 1153 5064 pluruma
1170 4997 1256 5066 atque
1274 5006 1405 5049 maxuma
1424 4989 1529 5048 debere
1547 4983 1717 5065 gratissimo
1737 5008 1848 5064 semper
1866 4987 1981 5066 animo¹

211 5101 212 5104 ι
248 5071 420 5148 praedicabo
433 5076 568 5137 -huius
587 5078 688 5150 igitur,
707 5076 836 5149 inquam,
857 5065 911 5131 viri
929 5075 1022 5133 locum
1039 5077 1103 5149 pari
1120 5077 1259 5152 dignitate
1279 5083 1307 5134 et
1325 5075 1476 5150 honestate
1489 5076 1638 5156 obtinere,
1656 5083 1753 5136 tamen
1767 5074 1836 5147 quid
1855 5072 1960 5145 obstat,

249 5155 305 5231 qu'o
323 5153 415 5216 minus
433 5157 486 5218 hoc
504 5175 605 5220 munus
623 5178 686 5220 cum
703 5162 798 5233 aliqua
816 5161 892 5220 bona
909 5175 959 5234 spe
977 5147 1236 5236 suscipiffi'cum‘
1247 5179 1309 5223 eam
1327 5177 1407 5233 spem
1426 5177 1483 5218 nou
1500 5161 1585 5218 modo
1599 5153 1739 5220 'memoria
1756 5173 1866 5231 eorum,
1889 5171 1962 5228 quae
