4824 5894
1939 549 1963 627 7

257 756 393 838 inopiam
419 754 602 822 existimans
627 754 772 818 dedecori
791 765 857 819 'non
870 771 965 834 esse,
991 775 1051 820 non
1073 755 1191 838 fugisse
1214 775 1282 822 eam
1305 775 1375 822 esse
1397 757 1557 835 dedecori,
1583 757 1841 839 Areopagitarum
1859 765 1965 826 autem

257 876 373 941 iudicio
399 876 434 940 id
451 875 602 964 traderet
628 874 757 954 negotii,
787 879 832 938 ut*
849 875 1014 955 quotannis
1041 895 1079 940 ex
1104 895 1288 959 unoquoque
1314 877 1381 940 cive
1407 867 1576 956 diligenter
1602 883 1801 960 quaererent,
1833 897 1964 960 quonam

259 1002 392 1077 quaestu
408 993 506 1058 vitam
524 993 802 1074 sustentaretsw)¹
820 986 887 1074 qui'
900 993 928 1056 si
955 1012 1048 1075 quem
1073 995 1265 1060 iudicassent
1286 1014 1389 1060 rerum
1407 994 1560 1074 angustiis
1577 1013 1719 1076 pressum
1736 1015 1811 1077 prae
1829 999 1967 1064 animad-

258 1114 411 1184 uertenda
427 1111 568 1176 socordia
584 1112 751 1175 nestudcre
769 1112 895 1193 quidem
913 1111 1006 1176 rebus
1027 1113 1093 1176 suis
1110 1130 1306 1193 suecrnrcre,
1324 1114 1354 1179 ei
1370 1113 1569 1178 intenderent
1584 1113 1716 1180 inertiae
1733 1115 1821 1180 litem
1841 1112 1965 1202 (γραφὴ

259 1223 391 1318 ἀργίας)
418 1229 539 1294 nomine
567 1230 607 1294 ad
631 1229 766 1310 primum
791 1217 970 1296 anebontem
989 1230 1202 1312 heliastasque
1222 1231 1342 1296 iudices
1360 1232 1473 1298 delato.
1486 1232 1539 1313 Ἰ)
1581 1234 1650 1311 Qua
1673 1251 1767 1304 causa
1793 1235 1846 1317 qui
1870 1236 1969 1308 semel

259 1350 437 1428 cecidisset,
464 1349 493 1412 ei
519 1349 617 1414 voluit
641 1348 789 1413 mulctam
815 1348 962 1429 irrogari,
987 1355 1038 1414 ter
1063 1349 1117 1432 qrd
1144 1350 1284 1416 eiusdem
1309 1352 1430 1430 peccati
1458 1357 1543 1415 essct
1568 1352 1740 1432 convictus,
1764 1341 1838 1418 'eum
1865 1355 1967 1434 capite

259 1467 404 1532 deminui.
418 1470 470 1549 Ἡ)

425 1588 494 1664 Qua
519 1586 589 1667 lege
614 1604 709 1668 quum
735 1585 854 1650 civibus
881 1587 927 1652 rci
954 1587 1117 1656 familiaris
1142 1590 1291 1654 tenuitati
1312 1588 1524 1654 laborantibus
1546 1589 1766 1654 necessitatem
1783 1591 1970 1655 iniunxisset

258 1704 360 1768 victus
384 1704 525 1768 inanibus
553 1711 586 1767 et
611 1722 707 1785 opera
732 1706 915 1786 quaerendi,
941 1706 1004 1773 alia
1029 1709 1178 1790 providit,
1206 1727 1244 1772 ne
1271 1708 1320 1772 oui
1347 1707 1473 1772 deesset
1499 1708 1604 1789 operis
1626 1706 1760 1772 faciendi
1781 1707 1914 1774 facultas
1936 1715 1969 1774 et

258 1822 381 1902 peritia
424 1823 504 1887 Nam
525 1823 553 1887 si
576 1823 646 1904 quis
667 1821 750 1886 filius
772 1843 791 1888 a
813 1829 905 1923 patre
924 1824 1040 1890 nullam
1063 1834 1148 1892 esset
1166 1828 1294 1891 edoctus
1311 1832 1427 1904 artem,
1446 1845 1516 1890 eum
1534 1825 1632 1890 voluit
1647 1825 1776 1906 pietatis
1794 1825 1904 1890 officiis
1922 1826 1968 1890 ita

258 1959 326 2006 esse
344 1941 493 2020 solutum,
511 1947 548 2004 ut
559 1941 644 2020 patri
661 1942 729 2005 seni
741 1941 890 2008 alimenta
905 1944 1058 2024 praebere
1076 1965 1136 2009 non
1155 1945 1303 2024 deberet3
1314 1948 1366 2026 Ἠ’)
1385 1945 1473 2009 cuius
1490 1945 1570 2025 legis
1583 1953 1699 2026 quanta
1714 1943 1811 2008 foderit
1828 1945 1968 2023 gravitas

257 2077 294 2124 ao
311 2060 478 2139 severitas,
496 2058 588 2125 facile
605 2059 762 2140 intelliget
778 2061 833 2142 qui
851 2080 942 2143 quarn
960 2081 1069 2128 saevas
1087 2083 1203 2145 poenas
1219 2064 1298 2128 alias
1317 2062 1408 2128 Solon
1425 2063 1564 2128 sanxerit
1580 2063 1612 2126 in
1629 2061 1711 2126 lilios
1727 2063 1840 2143 impios
1861 2062 1969 2136 memi-

256 2179 412 2261 neritll)
454 2179 636 2262 Extititll)
663 2177 717 2262 qui
743 2184 887 2260 negaret,
913 2180 980 2245 eius
1004 2181 1098 2262 legis,
1125 2183 1300 2247 contrariae
1327 2182 1443 2263 quippe
1461 2179 1650 2246 Graecorum
1677 2183 1717 2246 de
1743 2180 1866 2246 liberali
1883 2179 1968 2244 vitae

256 2298 377 2363 ratione
395 2297 545 2379 opinioni,
569 2317 705 2381 unquam
727 2298 760 2362 in
781 2298 942 2378 republica
957 2300 1196 2366 Atheniensium
1213 2319 1304 2365 usum
1321 2317 1391 2365 esse
1408 2299 1540 2380 factum,
1562 2302 1615 2383 qui
1637 2320 1747 2365 vereor
1766 2319 1806 2365 ne
1828 2299 1969 2363 diversas

256 2422 430 2498 temporum
449 2419 586 2484 rationes
604 2437 715 2499 parum
732 2417 921 2498 respexerit,
943 2417 990 2482 ita
1006 2425 1078 2484 uta
1096 2420 1216 2486 Solonis
1232 2425 1340 2510 aetate
1359 2419 1392 2483 id
1409 2419 1616 2498 abiudicaret,
1640 2420 1722 2502 quod
1740 2418 1871 2484 Periclis
1888 2422 1969 2482 tem-

232 2611 236 2620 ,
256 2554 332 2617 pore
350 2534 414 2600 fibo
431 2536 564 2617 ingenue
583 2537 741 2600 educando
758 2535 923 2600 videbatur
938 2537 1111 2617 indigntun,
1135 2539 1278 2605 Solonem
1295 2539 1411 2604 oblitus
1430 2539 1507 2602 data
1527 2556 1623 2619 opera
1639 2539 1673 2601 id
1691 2539 1808 2620 egisse,
1830 2544 1865 2602 ut
1881 2537 1968 2617 iguo-

257 2867 318 2911 τον·
347 2855 408 2916 τοὺς
425 2854 479 2928 γὰρ
498 2852 697 2927 ὑποδεέστερον
714 2849 885 2921 πράττοντας
901 2856 948 2909 ἐπ)
967 2854 1012 2915 τάς
1029 2861 1163 2928 γεωργίας
1184 2859 1229 2909 κα)
1248 2855 1296 2916 τὰς
1313 2857 1446 2928 ἐμπορίας
1463 2856 1591 2925 ἔτρεπον,
1610 2849 1711 2914 εἰδότες
1721 2854 1774 2915 ιτοὶς
1791 2854 1907 2927 ἀπορίας
1923 2853 1970 2906 διὰ

257 2940 304 3002 τὰς
320 2939 418 3013 ἀργίας
434 2943 630 3010 γιγνομένας.“

325 3029 373 3090 22)
392 3026 459 3078 Plut.
473 3025 553 3078 Solon
573 3033 611 3076 22.
648 3021 973 3091 Dicg.Laert.Vll‚1os.
1010 3023 1193 3078 Phanodsmus
1219 3031 1246 3078 et
1272 3025 1444 3078 Philochorus
1463 3040 1505 3090 ap.
1519 3025 1614 3077 Athen.
1628 3024 1672 3089 IV,
1693 3032 1766 3076 168²-
1795 3022 1966 3076 ValenMaa

255 3113 292 3176 ll,
312 3121 339 3174 e,
357 3120 379 3162 3.
1729 3153 1731 3156 .

325 3200 374 3262 23)
391 3197 508 3260 Bekker,
535 3193 633 3246 Anecd.
646 3195 690 3246 Gr.
703 3194 722 3245 l.
741 3183 766 3260 p.
779 3201 836 3245 310.
874 3193 940 3246 Plut.
953 3193 1195 3260 Apophtb.Lacon.
1208 3209 1228 3246 s.
1249 3190 1400 3265 Ἡράνδου,
1438 3193 1570 3268 Heliastas
1588 3194 1698 3258 iudices,
1724 3211 1777 3248 non
1794 3197 1867 3263 ipsos
1884 3196 1966 3246 Areo-

198 3349 199 3352 *
258 3282 361 3350 negites
379 3282 412 3333 de
430 3296 475 3334 reo
493 3278 635 3332 sententias
653 3278 744 3339 tulisse
763 3293 795 3330 ex
813 3277 881 3331 Plut.
896 3278 1007 3347 Lycurg.
1023 3287 1062 3332 24,
1081 3277 1184 3330 videtur
1201 3291 1328 3344 apparere
1335 3297 1343 3342 ;-
1364 3292 1521 3344 quamquam
1539 3279 1615 3332 aliter
1632 3280 1730 3333 iudicat
1746 3279 1842 3342 Meier,
1861 3282 1907 3332 der
1924 3289 1969 3330 οτ-

258 3369 337 3420 ίίταίιι
358 3367 461 3420 Process
479 3381 503 3432 p.
518 3372 574 3418 299.
609 3361 691 3415 Nulla
709 3363 741 3416 de
759 3379 791 3416 ca
808 3380 836 3417 re
855 3371 925 3417 esset
946 3363 1142 3416 sententiarum
1161 3360 1349 3428 discrepantia,
1375 3361 1425 3414 nisi
1452 3363 1578 3429 temporis
1603 3363 1701 3417 mvirba
1727 3365 1867 3432 eripuisset
1892 3363 1967 3416 nobis

257 3435 353 3522 Lysiae
379 3451 511 3502 orationes
537 3453 629 3500 contra
653 3448 803 3501 Aristonem
830 3457 856 3501 et
882 3455 975 3501 contra
991 3446 1111 3500 Nicidam
1138 3447 1165 3498 in
1187 3445 1238 3500 bac
1259 3461 1339 3499 causa
1356 3447 1459 3500 habitas
1479 3447 1558 3516 (Lys.
1574 3447 1665 3514 fragm.
1682 3457 1719 3502 ιο.
1738 3447 1856 3501 Scheibe.
1892 3448 1967 3522 Diog.

257 3537 345 3591 Laert.
361 3537 385 3601 l,
404 3543 443 3590 55.
479 3533 605 3600 Harpocr.
620 3548 639 3587 s.
654 3549 694 3586 vv.
714 3523 878 3606 δώροξενία,
897 3528 1020 3598 abacos,
1040 3527 1174 3603 ποταμός,
1195 3529 1328 3603 πτώματα
1346 3539 1394 3585 etc.
1414 3533 1519 3585 omnino
1537 3533 1654 3598 novies),
1672 3548 1782 3600 quarum
1800 3532 1883 3584 altera
1900 3529 1969 3598 Tay-

255 3619 306 3672 lon'
322 3619 401 3685 Angli
428 3625 514 3671 aetate
541 3618 683 3670 etiamtunc
710 3619 827 3671 extitisse
844 3618 948 3670 videtur
964 3619 992 3670 in
1009 3617 1234 3684 praestantissimo
1252 3617 1341 3670 codice
1359 3617 1487 3671 Palatino.
1525 3617 1576 3670 Cir.
1592 3617 1699 3686 Taylor,
1718 3616 1776 3669 lect.
1791 3616 1850 3683 Lys.
1869 3631 1894 3681 p.
1910 3621 1966 3668 299.

257 3703 375 3772 Sauppe,
398 3703 471 3770 epist.
486 3701 543 3756 crit.
559 3701 593 3754 ad
611 3701 676 3755 God.
692 3702 872 3754 Hermannum
890 3719 914 3768 p.
930 3711 952 3756 s.

322 3789 371 3852 24)
390 3787 450 3855 Lys.
468 3803 489 3840 c.
508 3786 635 3839 Ariston:
665 3781 786 3854 ,Σόλων
802 3784 928 3840 δάνατον
949 3785 999 3857 οὐχ
1022 3783 1121 3860 ὥρισεν
1143 3783 1230 3858 ὥςπερ
1250 3781 1378 3858 Δράκων,
1409 3785 1462 3838 ἀλλ’
1483 3785 1595 3858 ἀτιμίαν
1617 3781 1666 3840 ὲάν
1687 3802 1726 3843 τις
1747 3779 1804 3850 sitq*
1826 3786 1896 3854 τρίς,
1920 3780 1971 3834 ἒάν

252 3871 278 3925 δ’
297 3868 383 3938 ἅπαξ,
399 3875 559 3942 ζημιοῦσθαι
573 3870 698 3944 δραχμὰς
711 3867 839 3926 ἑκατόν.“
863 3871 939 3938 Quod
952 3871 1054 3925 Heffter
1070 3874 1179 3940 (Athen.
1193 3873 1471 3956 Gerichtsaerfassunq
1480 3892 1539 3942 paq.
1552 3875 1620 3940 170)
1633 3869 1729 3938 Lysiae
1744 3875 1771 3920 et
1784 3865 1969 3920 Demosthenis

254 3956 417 4024 temporibus
435 3956 567 4009 existimat
585 3957 743 4010 obsolevisse
760 3957 812 4009 iam
830 3956 916 4022 legem
934 3956 1069 4023 litemque:
1087 3956 1254 4023 refragantur
1271 3956 1294 4008 ei
1313 3973 1393 4022 quum
1406 3955 1501 4026 Lysiae
1516 3957 1662 4024 fragmenta
1675 3961 1729 4006 tum
1741 3951 1876 4006 Demostb.
1885 3950 1968 4015 LVII,

255 4049 296 4096 32.
332 4040 495 4107 Quamquam
513 4055 565 4093 non
583 4041 702 4105 dubium,
729 4040 793 4107 quin
811 4038 894 4113 ἀργία
913 4037 1008 4109 Lysiae
1026 4047 1112 4094 aetate
1131 4057 1183 4094 non
1202 4041 1313 4108 amplius
1335 4041 1425 4094 eadem
1448 4043 1597 4096 existimata
1620 4041 1654 4094 sit
1676 4054 1744 4106 quae
1762 4036 1879 4102 Solonis,
1905 4051 1966 4088 uam

255 4125 357 4194 privata
373 4124 507 4190 negligere
525 4141 589 4193 prae
607 4141 694 4178 rerum
712 4124 876 4194 publicarum
894 4138 958 4175 cura
974 4122 1036 4175 boni
1054 4125 1128 4190 ciris,
1155 4126 1259 4193 opiticia
1276 4132 1449 4180 mercaturam
1472 4141 1548 4180 omne
1571 4133 1695 4192 quaestus
1716 4122 1830 4176 faciendi
1852 4120 1965 4174 studium

255 4225 284 4264 se
301 4209 437 4276 indignum
455 4208 572 4261 iudicare
590 4209 639 4262 viri
656 4209 772 4262 liberalis
790 4222 848 4261 esse
866 4207 1014 4274 putabatur.
1047 4209 1083 4260 At
1100 4209 1316 4276 reprehendenda
1333 4219 1360 4263 et
1377 4211 1491 4265 iudicum
1509 4208 1640 4274 suffragiis
1659 4207 1811 4274 castiganda
1829 4206 1967 4260 videbatur

256 4295 352 4350 stolida
368 4293 414 4346 illa
430 4293 532 4346 desidia
549 4299 576 4345 et
593 4292 707 4345 humano
732 4306 828 4359 genere
850 4290 959 4358 indigna
983 4291 1089 4356 inertia,
1116 4294 1220 4359 qualem
1247 4293 1385 4361 descripsit
1410 4295 1534 4348 Nicolaus
1558 4292 1683 4360 sophista
1708 4291 1735 4344 in
1762 4293 1823 4344 licta
1849 4289 1967 4342 oratione

254 4378 311 4435 κατ’
330 4379 426 4454 ἀργοῦ.
464 4377 676 4446 (Progymnasm.
691 4377 754 4441 Vll,
773 4387 795 4430 2.
832 4377 920 4441 Walz,
945 4376 1010 4452 rhet.
1026 4378 1113 4442 graeci
1132 4378 1155 4443 1,
1174 4395 1197 4446 p.
1214 4387 1260 4431 321
1277 4382 1344 4445 sqq.)
1383 4379 1504 4432 Ceterum
1527 4377 1636 4431 candem
1659 4377 1692 4429 de
1714 4377 1819 4443 ignavia
1841 4372 1966 4440 hrgienda

254 4466 340 4532 legem
357 4465 477 4517 ferrantur
494 4463 613 4517 sanxisse
630 4462 717 4516 Numa
735 4461 827 4529 (Dion.
846 4461 930 4516 Halic.
950 4461 1038 4528 Antiq.
1053 4461 1090 4525 ll,
1111 4468 1160 4531 76)
1186 4471 1213 4517 et
1229 4463 1274 4531 qui
1292 4463 1434 4517 Sardorum
1453 4464 1571 4530 (Aelian.
1586 4477 1639 4515 var.
1653 4461 1714 4515 hist.
1728 4460 1773 4524 IV,
1794 4465 1819 4518 1)
1837 4465 1864 4512 et
1881 4458 1966 4512 Luca·

253 4565 346 4604 nomm
364 4549 517 4618 (Nicolaus‚
535 4547 568 4601 dc
581 4548 699 4601 moribus
713 4547 830 4614 gentium
844 4562 885 4613 ap.
901 4545 1005 4600 Stobae.
1019 4546 1095 4600 floril.
1110 4547 1258 4612 XXXXIV,
1273 4558 1312 4603 41.
1327 4548 1464 4618 Meinelre)
1479 4547 1640 4616 respublicas
1657 4545 1850 4600 ordinavemnt.
1883 4544 1966 4612 Quam

254 4649 317 4688 vero
334 4634 420 4700 legem
438 4649 471 4686 ex
489 4633 614 4701 Ulpiano,
632 4631 729 4686 dubiae
746 4646 809 4685 sane
827 4630 890 4684 fidei
906 4637 984 4696 teste,
1002 4630 1141 4698 repetitam
1158 4633 1297 4700 indagasse
1315 4633 1366 4686 sibi
1385 4635 1454 4687 visus
1473 4641 1513 4686 est
1530 4632 1631 4684 Potitus
1650 4625 1746 4698 (antiq.
1762 4645 1799 4696 gr.
1813 4630 1850 4693 ll,
1868 4631 1966 4694 s,12):

254 4733 287 4771 ne
305 4717 364 4784 quis
381 4732 470 4771 servos
488 4718 571 4770 aleret
588 4717 699 4783 otiosos,
726 4731 795 4786 eam,
814 4715 932 4782 quamvis
950 4731 966 4768 a
982 4715 1117 4768 Boeckhio
1135 4719 1274 4784 (secaret.
1292 4718 1316 4782 Ι,
1336 4722 1399 4785 623)
1418 4725 1563 4786 acceptam,
1590 4731 1668 4783 quum
1687 4721 1714 4767 et
1732 4728 1825 4780 pamm
1842 4711 1964 4781 prohabi-

252 4803 286 4857 lis
303 4803 422 4856 videatur
440 4817 488 4855 nec
505 4810 577 4856 certo
595 4802 695 4855 nitatur
712 4801 872 4865 testimonio,
899 4801 1081 4854 innumerum
1104 4801 1252 4868 ineptorum
1274 4809 1490 4868 commentorum,
1517 4801 1611 4869 quibus
1634 4798 1751 4853 abundat
1774 4797 1895 4864 garrulus
1912 4795 1965 4847 De-

253 4887 398 4941 mosthenis
415 4887 568 4953 scholiasta,
585 4887 684 4940 referre
702 4887 783 4940 satius
801 4886 886 4939 risum
904 4892 950 4940 est.

321 4970 370 5036 25)
385 4968 452 5024 Plut.
467 4971 547 5026 Solon
566 4981 610 5026 22:
637 4974 713 5042 „clap”
729 4975 841 5046 τρέφειν
858 4970 908 5024 τὸν
924 4976 1029 5044 πατέρα
1046 4970 1085 5043 μὴ
1103 4965 1290 5043 διδαξάμενον
1307 4975 1404 5043 ιίχνην
1420 4971 1573 5042 ἐπάναγκες
1590 4969 1628 5043 μὴ
1646 4963 1745 5024 εἷναι.“

322 5055 368 5123 vi)
386 5052 462 5120 Diog.
477 5055 565 5113 Laert.
578 5058 603 5123 I,
621 5065 662 5115 55.

320 5141 370 5207 21)
387 5139 500 5204 Becker,
520 5141 654 5198 Charicles
671 5143 697 5209 l,
717 5151 764 5196 155
784 5141 915 5210 (eo.11.).
