4824 5894
1911 541 1958 619 ll

252 745 415 827 moena
428 746 479 827 Η)
502 744 644 810 omnibus
665 744 785 812 viribus
805 744 978 828 opibusque
999 745 1031 810 in
1055 746 1300 812 communionem
1315 750 1492 828 temporum
1514 744 1705 827 reipublicae
1721 747 1860 829 collatis3
1881 751 1965 834 quod

254 864 323 930 lieri
340 883 400 930 non
416 882 510 946 posse
526 864 588 930 nisi
602 863 738 947 plurimo
754 869 895 945 tempora
912 861 1052 930 civitatis
1068 881 1163 932 curae
1179 864 1373 960 publicisque
1389 865 1525 946 negotiis
1541 864 1733 932 transmisso.

421 985 512 1064 Quod
529 983 557 1049 si
573 982 644 1066 quis
660 983 759 1051 bonus
775 984 853 1050 ciuis
870 983 1043 1050 existimari
1059 983 1198 1064 volebat,
1221 983 1354 1068 ingenuo
1371 983 1425 1049 illo
1443 983 1475 1050 ei
1492 1001 1571 1065 opus
1587 989 1658 1050 erat
1674 984 1754 1065 otio,
1776 1005 1836 1069 quo
1852 1003 1964 1060 rmore

254 1108 361 1184 posset
391 1103 473 1168 omni
505 1106 627 1170 muneri
654 1103 738 1172 civili
768 1102 979 1184 suscipiendo,
992 1105 1044 1186 ⁴⁸)
1075 1105 1158 1186 quod
1184 1103 1329 1171 Socrates
1357 1103 1525 1170 dictitabat
1555 1121 1624 1169 esse
1652 1103 1812 1172 libertatis
1838 1123 1966 1174 consan-

252 1222 408 1304 guineum
421 1223 491 1305 ⁴⁹)·
516 1223 585 1289 Hoc
609 1223 707 1306 igitur
732 1224 831 1289 otium
854 1222 986 1289 liberale
1011 1223 1131 1290 civibus
1153 1242 1340 1306 magnopere
1362 1223 1571 1304 expetendum
1587 1222 1828 1306 videbaturw)
1869 1223 1971 1306 Atqui

255 1362 315 1409 non
331 1342 483 1408 vacabant
500 1341 707 1424 reipublicae,
732 1343 787 1426 qui
812 1342 909 1410 victui
935 1343 1113 1424 quaerendo
1138 1342 1251 1410 intenti
1276 1360 1366 1408 omne
1390 1347 1518 1423 tempus
1543 1325 1819 1410 consumebantin
1836 1342 1968 1424 opificiis

254 1461 389 1544 aliisque
413 1461 445 1526 id
471 1479 570 1542 genus
587 1461 722 1542 negotiis
737 1462 941 1544 agendisffl)
982 1461 1068 1542 llrgo
1092 1461 1254 1544 opifices
1279 1481 1352 1528 non
1377 1462 1618 1542 uidebantur,
1645 1463 1707 1528 etsi
1726 1461 1856 1542 vellent,
1883 1459 1969 1527 boni

256 1595 341 1644 esse
358 1597 471 1660 posse
488 1579 604 1658 cives,
622 1579 737 1662 quippe
755 1581 868 1665 quibus
885 1598 943 1662 per
958 1581 1044 1648 ritae
1060 1582 1199 1648 rationes
1216 1599 1255 1646 ne
1271 1581 1384 1647 liceret
1399 1581 1525 1664 quidem
1541 1579 1733 1661 reipublicae
1750 1599 1789 1666 ca
1805 1585 1969 1662 praestare
2039 1617 2042 1624 ·

256 1694 371 1774 officia,
392 1697 555 1780 inquibus
577 1697 715 1765 colendis
736 1700 800 1765 sita
822 1705 909 1766 esset
927 1699 1042 1766 civium
1064 1701 1219 1768 honestas
1233 1704 1285 1785 ὓλ)
1328 1700 1463 1782 Propter
1482 1701 1541 1764 hoc
1558 1699 1661 1782 ipsum
1682 1699 1720 1780 ii,
1746 1701 1800 1782 qui
1816 1699 1968 1784 quomodo

255 1814 431 1896 respublica
447 1817 564 1898 optimo
587 1823 620 1882 et
636 1819 868 1898 sapientissime
884 1820 1130 1886 constitueretur
1146 1821 1354 1904 quaerebant,
1375 1820 1408 1884 in
1426 1839 1465 1885 ea
1482 1824 1573 1885 erant
1589 1822 1759 1898 sententia,
1783 1825 1821 1886 ut
1837 1818 1965 1902 opifices
2065 1895 2073 1924 ί

255 1932 383 2000 civitate
400 1937 544 2018 omnique
560 1953 689 2001 munere
707 1919 821 2002 civium
837 1938 960 2003 omnino
978 1939 1185 2010 excludendos
1203 1944 1359 2021 putarent
1371 1941 1436 2020 ”l

423 2053 582 2133 Aoeessit,
607 2055 689 2137 quod
710 2055 914 2136 plurimorum
936 2056 1128 2139 opificiorum
1150 2057 1220 2138 ipsa
1246 2056 1327 2123 ratio
1348 2056 1437 2137 tulit,
1464 2064 1502 2124 ut
1526 2057 1580 2140 qui
1607 2075 1646 2122 sa
1670 2055 1856 2121 exercebant
1877 2071 1968 2135 coge·

257 2179 367 2240 renurr
383 2191 444 2238 non
461 2172 561 2238 solum
578 2173 668 2238 domi¹
684 2192 719 2239 se
741 2175 914 2254 continere,
940 2177 998 2241 sed
1023 2177 1120 2242 etiam
1138 2175 1331 2243 sellularium
1353 2180 1517 2258 quaestum
1533 2174 1645 2242 iacere.
1689 2175 1787 2258 Atqui
1811 2171 1870 2239 sub
1895 2171 1968 2236 divo

151 2291 153 2296 '
256 2308 370 2374 corpus
381 2291 595 2369 corroborare,
612 2311 672 2357 non
689 2293 772 2359 intra
787 2294 927 2375 parietes
945 2293 1125 2362 effeminare
1142 2294 1201 2359 viri
1218 2294 1292 2364 boni
1308 2300 1342 2360 et
1357 2294 1450 2360 fortis
1467 2312 1537 2360 esse
1553 2295 1731 2375 uoebamr,
1748 2294 1795 2360 ita
1810 2298 1848 2358 ut
1863 2289 1969 2372 despi-
2003 2301 2006 2306 ·

259 2481 424 2489 ---.
437 2482 589 2490 ..ιω-η...-

324 2595 370 2662 47)
388 2591 429 2663 „ip
447 2591 525 2656 πόλις
541 2593 644 2668 τροφὸς
661 2598 707 2648 καλ
725 2591 843 2670 μήτηρέ*
884 2577 950 2651 l'lat.
965 2596 998 2650 de
1016 2613 1069 2666 rop.
1080 2597 1111 2662 V,
1129 2601 1207 2650 470t
1227 2596 1280 2665 (ibi
1296 2597 1462 2662 Stallbaum).
1500 2595 1633 2650 Alimenta
1655 2595 1704 2666 (τά
1722 2597 1861 2670 τροφεῖα)
1875 2598 1906 2646 ut
1922 2608 1968 2660 pa-

256 2680 322 2732 triae
339 2679 484 2734 reddantur
501 2693 579 2748 saepe
597 2679 761 2746 praecipiunt
779 2687 896 2734 oratores
914 2689 940 2732 er.
958 2681 1114 2749 pnnosonhi.
1147 2681 1207 2751 Lys.
1221 2682 1259 2738 Π.
1279 2689 1317 2736 ro.
1335 2681 1385 2736 VI.
1404 2689 1443 2735 ss.
1470 2680 1551 2734 Isocr.
1561 2679 1611 2743 Vl,
1629 2683 1692 2734 ros'
1713 2680 1824 2749 Lycurg.
1840 2693 1861 2731 c.
1876 2675 1968 2728 Leocr.

257 2772 297 2818 ba.
331 2764 397 2820 Plat.
413 2764 446 2818 dc
462 2779 518 2834 rep.
528 2764 591 2828 vn,
609 2767 687 2817 brob-
710 2764 840 2819 Aristides
857 2761 927 2840 ύντλρ
944 2767 1001 2819 τιύν
1017 2761 1154 2840 τεττάρων
1169 2773 1231 2822 tom.
1243 2767 1278 2820 Π.
1290 2783 1314 2834 p.
1328 2774 1377 2820 aas
1390 2765 1478 2819 Dmdl.
1516 2763 1567 2819 cfr.
1581 2763 1632 2819 cio.
1645 2763 1678 2817 de
1695 2778 1749 2832 rep.
1762 2765 1786 2828 1,
1805 2771 1832 2826 4,
1850 2769 1873 2816 8.

326 2852 372 2919 48)
390 2848 510 2904 Eandem
527 2847 670 2920 ἀφθονίαν
687 2851 785 2919 σχολῆς
801 2849 938 2920 Lycurgum
955 2850 1009 2904 suis
1031 2851 1134 2917 legibus
1157 2857 1184 2904 et
1205 2851 1331 2905 inadtutis
1352 2849 1492 2918 Spartiatis
1517 2849 1726 2917 prospiciendam
1753 2851 1859 2915 putarat
1872 2843 1970 2912 (Plut.

141 2967 143 2974 ›
257 2935 368 3006 Lycurg.
383 2937 450 3002 24.);
479 2949 557 3003 quam
583 2935 629 3002 qui
653 2933 848 3001 vituperabant,
874 2934 996 2988 inertiam
1023 2933 1164 3008 (ἀργίαν)
1190 2951 1248 2990 esse
1273 2935 1401 2990 dicebant.
1442 2934 1602 3002 (Isocrlll,
1621 2942 1660 2988 20.
1695 2930 1822 2986 Nicolaus
1838 2927 1970 2996 Sopbista

258 3021 452 3090 Progymnasm.
465 3021 503 3084 X,
522 3029 545 3074 4.
562 3019 590 3072 in
607 3018 703 3073 Wslnii
720 3018 816 3072 rhetor.
830 3035 867 3086 gr.
880 3019 904 3083 Ι,
923 3036 947 3087 p.
961 3024 1032 3084 bot.)

329 3106 376 3174 ts)
393 3105 494 3159 Aeliam
508 3119 560 3158 var.
574 3104 682 3160 hisux.
702 3113 740 3157 14.
776 3103 1004 3170 Diog.Laert.H,
1022 3113 1062 3159 31.
1100 3105 1152 3161 Cir.
1164 3106 1239 3160 Plato
1258 3105 1469 3160 Theaot'nrst:
1497 3104 1553 3174 „tr
1573 3104 1715 3178 ἐλευθερίᾳ
1736 3105 1784 3156 καλ
1804 3101 1888 3173 σχολῇ
1904 3118 1970 3172 τρα-

256 3193 373 3262 ανο“
1116 3255 1118 3262 ψ

279 3289 282 3294 ·
326 3275 690 3343 so)Arisaoc.Polit.11,o.
713 3288 772 3341 pag.
791 3282 835 3326 44:
864 3274 934 3342 „dei
956 3277 989 3349 τῇ
1014 3275 1149 3350 μελλούσῃ
1176 3278 1265 3337 καλῶς
1289 3275 1480 3330 πολιτεύεσθαι
1505 3278 1627 3343 πολιτείᾳ
1654 3271 1704 3340 τὴν
1729 3274 1785 3326 τοῖν
1810 3269 1971 3340 ἀναγκαίαν

258 3357 391 3434 ὑπάρχειν
408 3358 544 3431 σχολήν,“
560 3360 587 3412 ib
600 3375 622 3416 c.
639 3370 677 3414 11.
696 3373 754 3427 pag.
770 3366 809 3412 54.
846 3359 1288 3429 os.surip.10near.(oinof.):
1313 3353 1412 3432 ,εἶχον
1429 3357 1480 3428 τὴν
1497 3357 1630 3431 φιλτάτην
1647 3355 1787 3432 ἀνθρύπηι
1805 3353 1934 3427 οχολην.“

328 3447 376 3511 st)
393 3445 500 3500 Aristot
515 3445 650 3517 Ponuvn,
670 3453 692 3498 8.
711 3459 769 3513 pag.
787 3451 848 3497 los:
876 3448 928 3514 „ol
948 3449 1095 3522 γειοργιαολ
1118 3451 1165 3500 καλ
1187 3450 1213 3501 ολ
1233 3450 1391 3519 κεκτημένοι
1411 3449 1528 3518 μετρίαν
1550 3441 1648 3500 ούσίαν
1668 3442 1779 3512 ἔχουσιν
1795 3435 1972 3514 ἐργαζόμενοί

258 3532 317 3599 ζῆν,
341 3529 373 3585 οὗ
395 3525 528 3587 δύνανται
549 3530 578 3584 δὲ
600 3526 768 3601 θχῡάἆζίίί·“
803 3529 841 3584 Id·
856 3530 894 3595 Π,
914 3541 952 3587 11.
970 3547 1030 3600 pag.
1044 3539 1089 3584 54:
1109 3527 1271 3599 ,ἀδύνατον
1287 3529 1337 3586 τὸν
1358 3530 1517 3605 ἀποροῦντα
1540 3527 1709 3600 σχολάζειν.“
1742 3527 1774 3589 V,
1794 3535 1815 3580 2.
1833 3540 1893 3593 pag.
1908 3532 1969 3576 131:

257 3619 310 3684 „at
333 3616 469 3685 μάναυσοι
494 3619 587 3688 τέχναι
612 3609 869 3687 ἀσχολονποιούσι
894 3614 942 3686 τὴν
968 3616 1125 3672 ἀιάνοιαν.“
1169 3618 1219 3682 Vl,
1237 3627 1260 3670 4.
1278 3633 1337 3686 pag.
1354 3625 1409 3671 153.
1446 3616 1497 3671 Otr.
1513 3617 1592 3669 lsoor.
1606 3612 1667 3674 vll,
1686 3619 1724 3664 83.
1768 3611 1859 3678 Eurip.
1874 3608 1965 3676 Soppl

258 3710 376 3769 laosqq,
420 3700 541 3770 X⁰110Ph·
557 3701 649 3770 cymi).
664 3701 702 3762 ll,
722 3713 747 3767 l,
768 3711 805 3757 lb.
844 3703 890 3769 IV,
908 3712 935 3768 3,
956 3713 999 3757 lt:
1025 3710 1108 3772 ,,τοῖς
1133 3705 1186 3776 μὲν
1210 3707 1342 3775 γεωργίαι
1368 3701 1499 3774 ἀσχολίαν
1523 3703 1686 3774 παρέχουσι,
1711 3701 1768 3758 τοῖς
1793 3694 1824 3748 ἀὲ
1850 3694 1971 3764 τέχναι.“

256 3784 365 3843 Luciam
380 3787 495 3855 Fugitivi
515 3795 553 3840 12.
1896 3845 1898 3850 ¹
1914 3845 1915 3850 ρ

326 3875 373 3939 52)
391 3871 489 3926 Herod.
504 3871 541 3935 11,
558 3879 619 3925 16⁷:
638 3911 656 3938 „
664 3868 764 3933 πάντες
781 3876 807 3927 ολ
818 3870 943 3942 ’Έλληνες
961 3871 1136 3947 ἀτιμοτέρους
1153 3877 1210 3928 τῶν
1226 3867 1317 3928 ἄλλοιν
1333 3870 1463 3944 ἡγεῦνται
1480 3873 1630 3939 πολιητέων
1647 3865 1709 3928 τούς
1724 3865 1772 3926 τὰς
1788 3868 1884 3936 τέχνας
1899 3881 1973 3935 μαν-

256 3950 393 4017 θάνοντας
410 3959 457 4010 καλ
476 3956 538 4017 τούς
555 3953 686 4028 ἀνγύνους
703 3956 819 4026 τούτων,
847 3956 910 4019 τούς
926 3956 953 4012 δ’
975 3957 1200 4032 ἀπηλλαγμένους
1217 3958 1274 4012 τιύν
1287 3959 1487 4032 χειρωναξιέων
1503 3958 1647 4026 γενναίους
1665 3955 1822 4024 νομίζουσιν
1839 3942 1910 4004 εἶναι
1926 3949 1973 4001 καλ

253 4035 373 4109 μάλιστα
390 4039 452 4101 τούς
467 4044 504 4102 ελς
521 4040 571 4096 τὸν
586 4040 710 4114 πόλεμον
726 4042 913 4115 ἀνειμένους.“
1186 4113 1188 4116 ¹

326 4128 374 4194 53)
390 4125 499 4182 Aristot
513 4127 589 4182 Polit.
602 4127 653 4192 111,
672 4135 695 4179 5.
713 4144 772 4197 pag.
787 4137 831 4181 os:
859 4127 900 4197 „ip
917 4131 1040 4196 βελτίστη
1058 4124 1136 4190 πόλις
1154 4127 1186 4184 ού
1203 4127 1311 4196 ποιήσει
1328 4123 1466 4198 βάνουσον
1483 4130 1611 4194 πολίτην·
1639 4127 1752 4180 πολίτου
1769 4121 1832 4196 γάρι
1842 4119 1923 4196 ἀρετὴ
1942 4117 1975 4174 σύ
2044 4133 2045 4136 ’

258 4205 372 4279 παντός,
401 4208 460 4281 ἀλλ’
481 4207 541 4266 ὅσοι
558 4213 616 4266 τιύν
631 4211 723 4284 ἔργον
740 4215 809 4268 ελσὶν
827 4211 972 4285 ἀφειμένοι
993 4213 1048 4267 τοῖν
1066 4213 1253 4284 ἀναγκαίων.“
1288 4213 1354 4267 Plat.
1368 4213 1401 4266 de
1418 4213 1468 4279 leg.
1480 4211 1556 4276 VIII,
1569 4218 1619 4264 486
1629 4214 1659 4264 tl:
1691 4208 1811 4279 ,μηδεὶς
1831 4203 1976 4280 έπιχύριος

257 4297 327 4350 ἔσται
345 4297 400 4351 τάν
418 4299 482 4370 περλ
499 4296 534 4352 τύ
550 4295 732 4370 δημιουργικὰ
749 4293 904 4370 τεχνήματα
922 4297 1143 4352 διαπονούντων·
1163 4303 1260 4371 τέχνην
1276 4297 1331 4372 γάρ
1349 4296 1447 4366 ἱκανὴν
1463 4301 1587 4366 κέκτηται
1601 4298 1712 4363 πολίτης
1730 4293 1799 4369 ἀνὴρ
1816 4290 1866 4348 τὸν
1882 4289 1977 4346 νοινύν

258 4380 306 4448 τῆς
323 4377 427 4443 πόλεως
443 4376 548 4454 κόσμον
565 4382 689 4446 σύζυν.“
723 4383 754 4438 lu
771 4383 949 4450 compluribus
967 4381 1093 4436 Graeciae
1117 4382 1267 4438 ciuitatibus
1284 4383 1343 4451 lege
1361 4381 1551 4451 praescriptum
1569 4386 1637 4445 erat,
1663 4395 1697 4434 ne
1714 4378 1773 4447 quis
1790 4376 1853 4430 civis
1871 4374 1975 4442 opificia

257 4471 389 4521 nactust.
425 4467 545 4536 Xenoph.
559 4469 654 4523 Oecon.
674 4477 701 4532 4,
715 4477 742 4520 s:
770 4466 924 4540 ,ἀσχολίας
945 4465 1064 4539 μάλιστα
1086 4470 1179 4539 έχουσι
1200 4463 1304 4528 πόλεως
1326 4469 1554 4538 συνεαιμλεῑσθαι
1576 4467 1605 4519 αλ
1624 4465 1790 4532 βαναυσιααλ
1811 4455 1978 4534 καλούμεναι

259 4554 364 4622 τέχναι·
392 4547 462 4608 ὥστε
484 4556 511 4607 οἱ
533 4555 652 4608 τοιοῦτοι
674 4553 788 4608 ἀσκοῦσι
809 4556 889 4608 κααολ
906 4558 964 4614 ταῖς
985 4557 1117 4624 πατρίσιν
1134 4550 1292 4626 ἀλεξητῆρος
1308 4543 1391 4606 εἶναι·
1418 4554 1464 4605 καλ
1482 4552 1514 4605 έν
1530 4551 1615 4611 ένίαις
1629 4550 1685 4623 μὲν
1701 4550 1758 4604 τιύν
1774 4545 1896 4615 πύλειυν,
1921 4541 1978 4619 μά-

250 4640 335 4692 Ὶλιστα
353 4638 385 4693 δὲ
402 4637 434 4692 ἀν
450 4643 509 4697 ταῖς
526 4635 686 4708 εύπολέμοις
711 4633 856 4699 δοκούσαις
873 4631 954 4706 εἶναι,
984 4635 1044 4692 οὐδ’
1063 4637 1150 4698 ἔξεστι
1167 4639 1224 4692 τῶν
1241 4638 1362 4693 πολιτῶν
1379 4634 1471 4691 ούάενλ
1492 4634 1660 4704 βαναυσικύς
1675 4631 1771 4706 τέχνας
1787 4627 1979 4708 destituta&

259 4720 314 4787 Sic,
336 4728 366 4776 ut
382 4723 532 4776 omittamus
550 4721 785 4786 Lacedaemonios,
803 4722 938 4776 Philolaus
956 4721 1098 4775 Thebanus
1116 4721 1202 4788 legem
1219 4722 1370 4790 scripserat.
1394 4727 1423 4774 ut
1440 4737 1473 4774 ne
1492 4721 1550 4789 quis
1567 4720 1748 4788 magistratum
1765 4718 1907 4783 obtineret,
1930 4715 1974 4783 qui

259 4806 379 4861 manibus
396 4809 491 4863 τίσαιτο
510 4815 647 4876 quaereret
665 4808 792 4877 (Aristot
807 4807 882 4862 Polit.
896 4809 947 4864 Ill.
961 4816 983 4862 ο.
997 4823 1055 4876 pag.
1071 4815 1110 4859 st.
1122 4805 1168 4860 cfr.
1181 4806 1295 4859 Mueller
1309 4806 1487 4860 Orchomenos
1504 4821 1563 4874 pag.
1577 4813 1625 4858 λοι
1639 4807 1720 4872 sqq.);
1747 4802 1840 4857 Locus
1863 4807 1891 4856 et
1904 4800 1974 4853 Pho·

257 4889 379 4944 censibus
401 4893 488 4961 legum
505 4893 602 4948 latores
619 4893 810 4948 interdixerant
833 4899 889 4946 arte
915 4893 1045 4961 cauponis
1069 4889 1214 4946 factitando
1236 4890 1363 4957 (Aristot.
1376 4905 1417 4958 ap.
1429 4889 1532 4944 Heracl.
1547 4889 1621 4942 Pont.
1635 4897 1680 4956 ους
1708 4901 1865 4956 quanquam
1887 4882 1921 4936 de
1940 4881 1972 4944 iis

259 4974 428 5030 Aristotelem
453 4993 506 5034 nou
533 4987 596 5034 rard
622 4993 743 5034 durasse
771 4975 904 5030 contendit
930 4975 1054 5032 Timaeus
1081 4975 1229 5045 updthen.
1243 4975 1292 5046 lll,
1306 4977 1401 5041 asta-i.
1438 4969 1520 5027 Idem
1534 4973 1690 5028 Aristoteles
1716 4968 1857 5042 Epidamni
1881 4973 1973 5036 narrat

259 5059 348 5114 omnia
369 5061 473 5129 opificia
494 5069 608 5118 tractata
630 5079 688 5118 esse
711 5061 831 5128 auersis
854 5060 965 5128 publicis
984 5061 1076 5129 (Polit.
1090 5061 1126 5124 11,
1141 5070 1163 5116 7.
1176 5077 1234 5132 pag.
1248 5060 1318 5132 εο.)Ι;
1349 5059 1471 5129 Thespiis
1494 5067 1572 5129 turpe
1601 5058 1738 5112 videbatur
1763 5052 1913 5120 incumbere
1939 5051 1973 5118 ad

259 5143 741 5218 ιιιιιιιαοοιριιιαιυιιιιιαι
1294 5137 1295 5140 ‘
1955 5173 1958 5188 ·

1723 5228 1767 5292 γα
