4824 5894
1359 537 1407 608 Vl

509 755 1417 916 “riuum
1333 753 2079 916 ,ιιιιι
2094 773 2239 904 ἕξτε

517 895 620 988 ¹lterum
631 925 797 1000 linguaeab
812 930 910 982 nostro
927 939 1057 982 sermone
1074 927 1106 982 ut
1123 923 1341 988 divorsissumas
1359 929 1437 997 sunt,
1457 925 1497 982 ita
1514 925 1650 998 legibus
1642 926 1757 998 ingenio
1774 927 1897 986 humano
1914 928 2009 988 insitis
2026 934 2112 1001 atque
2129 927 2235 988 ιιιιιιι
2322 963 2324 968 -

511 983 645 1088 (prorsus
662 1008 871 1069 convenientes
915 1008 989 1066 Eam
1007 1007 1043 1066 ob
1061 1023 1189 1067 caussam
1206 1007 1237 1064 in
1253 1009 1434 1106 antiquarum
1456 1009 1618 1068 litterarum
1640 1009 1734 1070 studio
1757 1011 1830 1070 hene
1851 1013 1908 1069 ιιιι
1928 1012 2037 1087 inesse,
2064 1018 2098 1071 ut
2118 1012 2234 1086 ingenia

514 1097 698 1184 subigantur
716 1094 804 1152 nihilo
821 1093 934 1168 addito,
952 1093 1041 1151 nihilo
1060 1092 1207 1150 subtracto
1221 1108 1256 1150 ex
1270 1092 1341 1164 ipsis
1354 1093 1461 1164 verbis,
1480 1093 1618 1166 quidquid
1632 1093 1769 1153 traditum
1776 1101 1838 1169 ·,est
1856 1113 1974 1168 prorsus
1985 1103 2079 1171 atque
2084 1113 2145 1156 sme
2157 1113 2235 1156 omm

515 1160 591 1250 ιιιιιι
607 1179 787 1252 intellegere,
807 1194 899 1250 neque
916 1176 1070 1250 quidquam
1086 1177 1181 1249 aptius
1199 1191 1260 1234 esse
1278 1177 1340 1235 ad
1332 1193 1450 1234 sorenes
1464 1193 1513 1235 eos
1531 1175 1748 1238 conformandos
1766 1185 1795 1238 et
1813 1180 1995 1256 excolendos,
2013 1181 2062 1256 qui
2079 1181 2231 1255 quondam,

547 1283 583 1326 on
601 1264 718 1323 dicam'
709 1279 740 1320 m
757 1262 882 1334 excelso,
903 1262 971 1320 ιιι
964 1279 993 1318 ιι
1012 1260 1213 1320 excelsioribus
1230 1261 1394 1319 muneribus
1412 1262 1498 1320 vitam
1515 1261 1631 1335 exigere
1650 1263 1779 1336 cupiant,
1797 1264 1927 1324 omnibus
1944 1266 2112 1325 aetatibus
2104 1281 2231 1323 mnume-

509 1279 633 1477 (fabilm
650 1349 706 1412 viri
722 1347 800 1406 docti
817 1352 846 1405 et
863 1346 1017 1420 prudentes
1033 1345 1132 1404 testati
1149 1351 1228 1418 sunt,
1247 1349 1353 1403 testata
1371 1350 1414 1402 est
1432 1363 1527 1402 rerum
1544 1351 1688 1418 gestarum
1704 1349 1853 1420 memoria,
1872 1365 1945 1420 quae
1962 1351 2004 1408 ιιι
2021 1357 2054 1408 ιι
2070 1350 2162 1408 omnis
2179 1349 2230 1408 du·

528 1433 630 1493 bitatio
647 1437 778 1504 exempta
797 1431 848 1504 sit,
867 1430 963 1503 docet,
981 1446 1044 1488 cnm
1062 1429 1155 1487 denuo
1173 1447 1207 1487 ex
1225 1431 1282 1488 situ
1300 1437 1329 1488 et
1345 1430 1472 1487 tenebris
1490 1431 1623 1504 antiquae
1640 1431 1755 1492 litterae
1772 1439 1922 1492 revocatae
1939 1441 2047 1507 essent,
2066 1451 2169 1494 novam
2185 1449 2234 1506 ge·

510 1480 592 1582 ιιιιι
608 1517 733 1576 humano
749 1515 840 1573 lucem
858 1513 1017 1574 adfulsisse.
1054 1513 1099 1572 Ad
1117 1530 1189 1585 quae
1207 1512 1387 1572 inlustranda
1405 1520 1433 1571 ιι
1452 1513 1644 1574 confirmanda
1660 1515 1730 1573 illud
1747 1533 1857 1589 quoque
1876 1517 1946 1576 baut
1964 1519 2082 1576 minumi
2099 1517 2234 1578 momenti

529 1607 586 1676 est,
606 1600 682 1676 quod
699 1616 868 1673 quamquam
885 1606 1028 1672 tempora,
1055 1613 1108 1670 per
1124 1613 1197 1670 quae
1213 1598 1244 1654 in
1260 1597 1350 1656 latino
1368 1614 1497 1656 sermone
1515 1600 1605 1657 omnis
1621 1599 1763 1672 elegantia
1779 1602 1872 1660 inesse
1890 1601 2045 1674 putabatur
2061 1603 2143 1676 isque
2159 1603 2235 1660 inter

528 1687 672 1746 litteratos
692 1685 834 1758 homiues,
863 1683 930 1757 quid
952 1684 1028 1756 qnod
1049 1685 1125 1740 inter
1142 1684 1251 1756 legatos
1269 1682 1394 1740 omnium
1411 1683 1538 1755 gentium
1556 1700 1643 1742 unum
1661 1686 1856 1744 conmunionis
1874 1686 1998 1746 vinclum
2015 1692 2090 1760 erat,
2118 1703 2235 1760 prorsus

528 1775 694 1830 conmutata
705 1774 794 1843 sunt,
816 1773 919 1828 'tamen
940 1769 1094 1826 etiamnum
1116 1766 1227 1825 dicendi
1253 1765 1451 1838 scribendique
1469 1768 1687 1828 exercitationes
1704 1774 1834 1828 retentae
1852 1775 1937 1843 atque
1955 1771 2028 1830 adeo
2045 1771 2082 1830 ad
2099 1787 2233 1845 graecum

529 1871 688 1914 sermonem
710 1847 867 1913 translatae
889 1856 969 1925 sunt,
996 1851 1101 1910 nnllam
1126 1852 1211 1910 aliam
1228 1850 1265 1908 ob
1284 1867 1427 1923 caussam,
1454 1868 1539 1923 quam
1556 1851 1632 1925 quod
1649 1851 1690 1909 nil
1706 1855 1798 1926 magis
1816 1859 1901 1926 cogat
1917 1855 2059 1929 notiones,
2087 1854 2235 1928 cogitatio-

529 1956 594 2012 nes,
621 1938 824 1998 vocabulorum
839 1938 897 1996 vim
913 1943 1000 2010 atque
1018 1951 1099 1994 usum
1116 1935 1153 1994 ab
1170 1935 1299 1995 omnibus
1317 1935 1447 2007 pertibus
1464 1937 1702 1996 consideraret
1672 1942 1702 1995 et
1727 1939 1840 2010 penitus
1866 1900 2059 2013 perpendere,
2084 1947 2117 1998 ut
2141 1939 2234 1998 alieno

489 2033 496 2099 1
530 2039 659 2082 sermone
677 2027 755 2081 recte
773 2023 920 2119 expriman
920 2026 976 2079 t.ur
1019 2019 1126 2091 Quodsi
1143 2020 1207 2094 quis
1224 2035 1319 2106 amon
1340 2018 1461 2078 adsidue
1480 2021 1526 2078 litt
1513 2025 1640 2080 terarum
1666 2022 1847 2095 antiquarum
1873 2024 2045 2082 tractatione
2071 2022 2236 2083 detrimenti

529 2107 639 2180 aliquid
656 2106 743 2181 patrii
761 2106 899 2165 sermonis
916 2105 1087 2177 elegantiae,
1112 2091 1296 2176 facilitati,
1279 2103 1415 2176 gravitati
1435 2103 1589 2178 inferatur,
1616 2105 1803 2180 quaesiverit,
1825 2108 1895 2166 satis
1912 2114 1957 2165 est
1973 2113 2061 2166 testes
2078 2107 2235 2202 producere

532 2192 784 2266 praeclarissumos
801 2196 913 2249 nostros
931 2194 1031 2262 poetas
1047 2204 1081 2247 ac
1098 2189 1264 2262 scriptores,
1288 2187 1480 2262 Lessingimn,
1506 2150 1672 2263 Goethium,
1694 2189 1876 2265 Schillerum,
1902 2193 2058 2265 permultos
2075 2193 2160 2265 alios,
2184 2191 2234 2263 qui

530 2292 589 2334 non
614 2277 706 2335 solum
732 2275 834 2346 quid
826 2275 882 2347 apsi
906 2275 963 2332 illis
990 2272 1093 2331 studiis
1118 2271 1269 2344 deberent,
1295 2277 1341 2330 set
1360 2272 1447 2330 etiam
1467 2279 1574 2346 quanto
1591 2290 1690 2348 opere,
1716 2275 1740 2332 si
1756 2291 1791 2332 ea
1807 2292 1941 2349 umquem
1958 2276 2138 2350 tollerentur,
2165 2276 2234 2336 doli·

530 2361 588 2418 turi
606 2365 714 2433 essent,
734 2375 790 2417 uua
808 2375 874 2417 voce
893 2356 1106 2417 confessisunt.
1143 2355 1263 2414 Profero
1280 2361 1431 2428 praeterea
1448 2357 1640 2416 testimonium
1657 2358 1719 2417 eius
1733 2359 1800 2432 viri,
1818 2377 1902 2432 quem
1919 2375 2016 2419 omnes
2034 2367 2235 2434 praeceptores
2319 2389 2327 2404 ·

530 2445 678 2518 egregium
696 2443 854 2516 exemplum
872 2442 987 2516 pietatis
1005 2447 1035 2498 et
1052 2441 1199 2500 doctrinae
1216 2439 1345 2498 simulet
1362 2457 1458 2500 rerum
1475 2442 1707 2502 scholasticarum
1725 2443 1984 2516 prudentissumum
2004 2446 2235 2504 existumatorcm

530 2528 659 2587 venerati
678 2533 757 2600 sunt,
776 2527 966 2600 Doederliuii,
984 2526 1033 2599 qui
1050 2526 1075 2584 si
1092 2524 1242 2584 verborum
1260 2523 1458 2597 paradigmata
1474 2531 1504 2584 et
1521 2527 1734 2586 minutissumae
1752 2528 1868 2600 regulae
1885 2531 2083 2601 grammatices
2100 2529 2236 2589 memoria

531 2617 610 2670 recte
626 2612 855 2685 perciperentur,
881 2612 953 2670 artis
969 2611 1079 2683 logicae
1095 2613 1249 2682 praecepta
1266 2625 1323 2666 non
1340 2608 1424 2683 disci,
1452 2615 1495 2669 set
1513 2611 1594 2683 quasi
1614 2611 1704 2670 inbibi
1725 2629 1742 2671 a
1760 2612 1856 2684 pueris
1874 2612 1986 2684 saepius
2004 2620 2087 2672 acute
2105 2613 2236 2672 ostende-

533 2698 581 2755 rit.
633 2695 708 2753 Nolo
724 2696 819 2768 plura:
845 2701 927 2755 tanta
945 2695 1021 2753 enim
1038 2700 1082 2752 est
1100 2694 1195 2767 copia,
1225 2698 1256 2750 ut
1274 2693 1298 2750 si
1317 2693 1467 2754 exhaurire
1485 2695 1598 2766 vellem,
1627 2695 1689 2754 dies
1707 2713 1764 2754 non
1781 2693 1933 2755 sufficeret.
1977 2699 2036 2756 lam
2052 2697 2121 2769 quid
2138 2697 2174 2756 ab
2192 2713 2235 2770 eo,

532 2782 581 2853 qui
599 2796 684 2840 verae
702 2779 848 2852 religionis
865 2783 1018 2853 praecepta
1034 2779 1076 2836 ita
1093 2785 1192 2837 tenere
1210 2777 1291 2850 velit,
1318 2783 1425 2836 utnon
1451 2781 1541 2838 solum
1566 2779 1628 2852 ipse
1649 2797 1785 2840 summam
1807 2786 1837 2838 et
1853 2783 2075 2852 integerrumam
2092 2780 2177 2841 fidem
2194 2781 2236 2840 eis

532 2865 652 2938 habeat,
679 2869 724 2922 set
741 2864 812 2924 alios
829 2864 949 2923 edoceat
966 2865 1064 2936 eisque
1080 2863 1175 2922 lumen
1192 2858 1338 2935 praeferat
1364 2898 1404 2908 -
1429 2862 1460 2920 id
1476 2862 1552 2936 quod
1571 2879 1628 2922 non
1649 2862 1685 2923 de
1706 2863 1809 2926 futuris
1833 2865 1973 2937 theologis
1996 2870 2108 2924 tautum
2128 2865 2235 2924 ιιιιιιι

532 2950 609 3008 volo:
637 2963 748 3022 omnes,
774 2948 904 3023 inquam,
927 2948 1016 3022 docti,
1040 2947 1207 3018 cuicumque
1224 2948 1323 3019 generi
1341 2945 1501 3006 litterarum
1518 2964 1634 3020 operam
1650 2955 1771 3023 navant,
1796 2949 1827 3008 id
1844 2947 1932 3008 officii
1949 2949 2056 3009 hebent
2073 2949 2167 3009 -ab
2185 2949 2237 3008 tali

531 3033 621 3108 igitur
638 3032 707 3105 quid
723 3033 813 3106 magis
830 3034 1004 3106 postulatur,
1022 3049 1107 3106 quam
1126 3037 1158 3090 ut
1175 3045 1254 3103 quae*
1265 3029 1346 3090 Iesus
1363 3029 1506 3104 christus,
1529 3032 1584 3090 Dei
1599 3029 1687 3107 filius,
1708 3039 1738 3091 et
1755 3034 1816 3093 eius
1833 3035 1966 3108 apostoli,
1986 3049 2114 3107 quaeque
2131 3033 2237 3094 veteris

532 3117 710 3176 Testamenti
726 3118 884 3191 prophetae
902 3124 931 3177 et
948 3119 1103 3191 scriptores
1118 3116 1274 3188 tradidere,
1292 3115 1405 3187 penitus
1423 3117 1571 3190 percipere
1588 3118 1669 3191 sciat,
1688 3123 1721 3176 ut
1736 3119 1965 3178 adversariorum
1983 3125 2033 3177 aut
2046 3117 2237 3178 dubitantium

533 3201 702 3276 sententias,
728 3209 909 3277 argumenta,
936 3200 1145 3260 controversias
1170 3199 1320 3273 exquirere
1337 3199 1420 3259 etad
1441 3201 1575 3262 amussim
1595 3203 1771 3276 examinare,
1800 3203 1842 3261 ιιι
1860 3202 1981 3275 denique
2004 3219 2076 3276 quae
2093 3204 2155 3275 ipse
2173 3217 2237 3274 per·

532 3291 617 3359 cepta
634 3291 663 3344 et
679 3285 826 3346 intellecta
843 3293 954 3358 teneat,
980 3301 1037 3344 non
1054 3285 1144 3343 solum
1161 3290 1239 3344 recte
1256 3289 1286 3342 ιι
1303 3284 1462 3356 commode,
1488 3292 1531 3344 set
1553 3284 1639 3344 etiam
1659 3285 1697 3345 ad
1719 3286 1946 3359 persuadendum
1967 3293 2035 3360 apte
2060 3287 2186 3346 scribere
2206 3290 2246 3344 et·

462 3394 466 3400 ’
531 3371 626 3442 eloqui
647 3370 754 3443 possit?
796 3370 899 3429 Nonne
916 3371 1004 3445 igitur
1019 3368 1102 3442 illud,
1126 3369 1203 3441 quod
1219 3369 1381 3427 litterarum
1397 3371 1578 3441 antiquarum
1598 3370 1700 3429 studiis
1718 3372 1748 3428 in
1765 3371 1887 3442 ingeniis
1905 3372 2033 3444 gignitur
2049 3377 2135 3444 atque
2152 3367 2237 3429 cofin-

532 3455 623 3528 gitur,
651 3455 708 3514 vim
733 3461 819 3527 atque
846 3453 1045 3515 efficacitatem
1071 3453 1160 3512 babet
1183 3453 1254 3512 haut
1281 3453 1514 3512 contemnendam
1535 3453 1572 3512 ad
1594 3454 1750 3525 pietatem?
1792 3455 1887 3527 Atque
1899 3456 1950 3537 ¹sui
1968 3470 2087 3528 prorsus
2108 3454 2236 3528 oblitum,

533 3555 726 3611 quaecumque
749 3545 904 3612 praecepta
921 3539 978 3596 sint
1004 3545 1033 3596 et
1059 3537 1286 3610 praecipiantur,
1314 3543 1392 3595 recte
1417 3538 1584 3608 intellegere
1610 3554 1703 3596 nonne
1724 3540 1748 3598 is
1765 3539 1874 3610 primns
1891 3539 2059 3611 gradus.est
2077 3539 2191 3597 virtutis
2208 3541 2238 3596 et

532 3623 703 3697 honestatis,
729 3640 802 3696 quae
820 3640 856 3682 ne
872 3622 951 3696 leges
968 3623 1078 3682 divinas
1096 3627 1183 3694 atquc
1200 3621 1338 3680 humanas
1355 3627 1452 3680 nostro
1470 3622 1590 3682 arbitrio
1607 3623 1841 3696 interpretemur,
1867 3629 1911 3682 set
1927 3629 1960 3680 ut
1977 3622 2053 3696 quod
2071 3637 2137 3680 vere
2156 3638 2237 3695 prae-

533 3707 673 3781 scribant,
691 3708 821 3766 omnibus
839 3708 944 3766 nostris
961 3708 1052 3765 sensis
1069 3713 1098 3764 et
1116 3705 1291 3764 lubidinibus
1310 3705 1480 3776 posthabitis
1498 3706 1623 3766 volentes
1640 3723 1791 3779 sequamur
1808 3708 1967 3780 postulent?

702 3791 747 3850 Ex
765 3791 948 3865 quibuscum
965 3791 1116 3864 adpareat,
1143 3789 1323 3862 antiquitatis
1345 3791 1441 3848 studia
1462 3787 1577 3849 strenue
1599 3797 1628 3850 et
1649 3792 1801 3864 diligenter
1817 3792 1859 3850 ita
1877 3807 1938 3849 esse
1955 3789 2120 3864 tractanda,
2146 3796 2178 3848 ut
2195 3791 2238 3848 in-

533 3875 618 3948 genia
635 3891 692 3936 oon
714 3876 797 3934 modo
821 3881 973 3949 acuantur,
1000 3881 1045 3934 set
1069 3876 1157 3934 etiam
1183 3875 1323 3933 modestia
1345 3879 1374 3932 ιι
1391 3874 1452 3932 veri
1468 3890 1565 3934 amore
1582 3877 1757 3950 inpleantur,
1783 3875 1875 3934 altero
1891 3876 1948 3934 iam
1965 3876 2027 3934 loco
2045 3874 2239 3948 quaerendum

533 3965 592 4032 ιιι,
610 3975 707 4018 ιιιοι
717 3960 874 4032 perieulum
887 3958 937 4032 sit,
956 3977 992 4018 ne
1010 3961 1065 4034 eis,
1084 3975 1157 4033 quac
1174 3964 1244 4031 aput
1262 3959 1416 4031 scriptores
1433 3966 1545 4019 veteres
1562 3961 1670 4033 legant,
1688 3962 1804 4018 iuvenes
1821 3959 1858 4017 ab
1874 3958 1930 4019 fide
1949 3960 2070 4020 veritate
2084 3959 2240 4018 christiana

533 4049 703 4103 avertantur
719 4049 806 4115 atque
822 4043 1009 4102 abducantur.
1053 4045 1229 4117 Quamquam
1246 4044 1334 4115 igitur
1351 4042 1422 4100 illud
1442 4044 1612 4117 periculum,
1631 4044 1706 4117 quod
1729 4061 1793 4101 eum
1813 4046 1890 4102 omni
1907 4045 2008 4105 altiore
2030 4049 2060 4104 et
2080 4043 2241 4102 extentiore

535 4127 668 4186 doctrina
685 4127 865 4186 coniunctum
883 4144 946 4186 esse
964 4135 1049 4188 antea
1066 4129 1139 4201 dixi,
1161 4144 1215 4186 nec
1230 4133 1326 4186 tamen
1346 4128 1495 4201 quisquam
1515 4131 1545 4186 in
1563 4128 1681 4186 scientia
1699 4133 1729 4185 et
1745 4128 1850 4186 litteris
1866 4129 1936 4202 ipsis
1953 4131 2076 4204 positum
2094 4145 2156 4186 esse
2174 4143 2239 4185 con·

532 4211 647 4284 tendet,
665 4210 702 4270 ab
719 4228 754 4270 ea
770 4211 949 4283 ingeniorum
966 4213 1140 4286 eruditione,
1163 4229 1235 4285 quae
1253 4211 1355 4270 studiis
1370 4214 1549 4286 antiquitatis
1566 4216 1697 4284 paratur,
1722 4227 1839 4284 prorsus
1860 4215 1960 4274 abesse
1985 4213 2069 4272 nemo
2095 4213 2163 4285 erit,
2190 4212 2240 4284 qui

533 4293 687 4354 adfirmare
703 4295 822 4368 audeat,
841 4303 937 4356 ιιιιιι
952 4313 1016 4355 meo
1032 4299 1096 4356 iure
1112 4297 1142 4354 id
1160 4297 1328 4355 obtentnms
1345 4295 1414 4354 mihi
1432 4297 1544 4370 videor,
1562 4295 1669 4353 nullum
1686 4311 1776 4368 genus
1793 4297 1955 4356 litterarum
1971 4299 2066 4372 aptius
2083 4312 2158 4369 esse,
2184 4310 2241 4366 quo

534 4385 672 4452 quantum
688 4377 850 4438 benificium
874 4397 998 4440 summus
1015 4382 1093 4440 Deus
1111 4397 1163 4453 per
1179 4378 1268 4440 filium
1286 4397 1367 4438 suum
1385 4383 1483 4452 generi
1500 4382 1622 4440 humano
1644 4380 1835 4453 praestiterit,
1866 4381 2043 4456 declaretur,
2071 4379 2240 4454 praesertim

535 4480 599 4522 cum
616 4464 705 4523 -id
722 4464 797 4537 quod
815 4482 902 4538 supra
919 4465 1128 4526 commemoravi
1145 4501 1187 4509 -
1204 4463 1309 4537 quiae
1325 4465 1375 4524 illa
1392 4465 1545 4537 adcedant,
1574 4463 1610 4522 ab
1636 4462 1856 4522 christianorum
1883 4473 2101 4541 praeceptorum
2122 4461 2241 4520 scientis

535 4563 593 4606 non
610 4563 728 4620 prorsus
745 4549 831 4608 alieni
853 4566 973 4622 eamque
994 4551 1031 4610 ob
1053 4565 1183 4608 caussam
1209 4549 1315 4608 rectius
1339 4549 1375 4608 de
1402 4549 1572 4622 antiquitate
1597 4546 1741 4608 iudicandi
1768 4546 1905 4608 facultate
1931 4551 2052 4624 quadam
2076 4552 2106 4605 et
2130 4546 2241 4603 acriore

535 4647 621 4690 sensu
638 4632 761 4729 praediti
779 4634 844 4692 sint.
888 4634 1016 4707 Atque
1008 4653 1071 4710 rpsa
1096 4635 1146 4694 illa
1174 4633 1269 4692 studia
1294 4639 1422 4706 tempore
1447 4631 1650 4706 procedente
1641 4648 1699 4690 mm
1722 4647 1839 4705 prorsus
1865 4641 2029 4696 conmutata
2044 4635 2119 4691 sunt.
2162 4629 2241 4701 Quae

535 4717 649 4776 antes
641 4734 673 4776 ιι
690 4717 785 4776 verbis
806 4724 835 4777 ct
855 4719 1009 4791 generibus
1037 4719 1150 4779 dicendi
1173 4717 1389 4791 intellegundis,
1416 4715 1634 4790 existumsudis,
1661 4716 1806 4776 imitandis
1833 4719 2019 4790 potissumum
2043 4713 2241 4786 versabantur,

533 4799 585 4858 Fr.
603 4800 640 4861 h.
653 4783 773 4872 Wolfius
790 4803 898 4898 primus
916 4801 953 4860 ad
970 4805 1061 4862 omnis
1077 4803 1256 4874 antiquitatis
1281 4801 1534 4874 perscrutationem
1552 4805 1581 4858 et
1598 4800 1787 4886 cognitionem
1804 4802 1939 4862 traduxit.
1984 4797 2158 4896 Itaqueiam
2175 4797 2242 4858 inde

535 4885 572 4946 ab
590 4903 624 4946 eo
640 4893 770 4959 tempore
787 4886 843 4944 riri
860 4871 1088 4960 ριιιιιιιιιιιιιιι
1105 4893 1207 4959 actque
1226 4886 1391 4944 doctissumi
1412 4881 1551 4957 quidquid
1574 4884 1610 4944 ab
1631 4875 1805 4957 antiquitate
1832 4887 1962 4946 relictum
1986 4890 2042 4958 est,
2070 4884 2101 4942 iu
2127 4899 2242 4942 censum

536 4985 689 5069 vocavere.
715 4969 878 5042 quidquid
869 4987 900 5029 m
918 4972 978 5030 vita
995 4974 1041 5032 vel
1057 4972 1171 5046 publice
1189 4971 1233 5028 ιιι
1250 4971 1363 5066 privata
1380 4969 1429 5064 ab·
1435 4969 1579 5064 veteribus
1602 4969 1714 5066 populis
1730 4971 1906 5042 institutum,
1932 4971 2135 5041 inlustravere,
2158 4965 2241 5040 quid·

535 5139 587 5200 tis:
614 5155 650 5200 ee
666 5136 761 5198 omnia
777 5136 854 5194 ιιιιι
871 5154 929 5196 uno
946 5146 1100 5211 conspmtu
1117 5135 1361 5210 conprehendere,
1384 5151 1436 5209 per
1452 5151 1550 5200 omnes
1567 5137 1740 5198 ιιιιιιιιιιιιι
1757 5137 1794 5196 ab
1811 5136 1958 5210 ιιιιιιριιι
1975 5145 2004 5198 et
2021 5113 2181 5210 odginibus
2198 5149 2244 5194 ιιι-
