4824 5894
1369 545 1403 626 ll

531 765 660 852 rogando
677 782 763 850 atque
781 773 965 848 obtestando,
983 775 1099 833 iuvenes
1113 775 1275 849 rarissumi,
1295 811 1336 823 -
1352 775 1445 848 legem
1457 776 1534 833 banc
1547 773 1673 834 diuinam
1691 791 1766 847 esse,
1780 776 1817 831 'ut
1830 773 1998 848 parentiltus
2012 775 2125 849 sisque,
2142 766 2246 846 quibus

531 868 628 922 vostra
642 861 736 919 tutela
759 860 900 919 conmissa
921 853 982 933 est,
999 858 1158 918 oboediatis
1176 874 1210 916 ac
1227 859 1366 933 parcatis,
1389 857 1589 932 omnibusque,
1613 859 1661 932 qui
1683 873 1746 917 eam
1764 858 1918 931 diligenter
1936 873 1971 918 ac
1993 858 2126 934 religiose
2148 858 2247 918 obscr-

532 944 614 1019 vent,
632 944 799 1004 felicitatem
817 959 955 1003 summam
972 943 1045 1003 adeo
1061 944 1092 1001 in
1110 943 1170 1002 vfta
1186 945 1318 1003 terrestri
1335 944 1504 1018 promissam
1526 949 1612 1016 atque
1631 949 1799 1016 portentan
1810 957 1881 1002 esse.
1925 939 2148 1016 muneratur
2164 947 2247 1002 muta

532 1029 679 1088 commoda
695 1027 810 1088 abicere
827 1029 953 1102 mulmis,
979 1045 1062 1100 quam
1081 1028 1237 1102 perbreve
1255 1036 1366 1101 tempus
1384 1045 1458 1102 quae
1475 1028 1556 1087 vobis
1572 1026 1752 1087 incommoda
1769 1025 1920 1086 videantur
1942 1027 2088 1087 tolerare?
2117 1026 2245 1086 Memen-

532 1118 592 1173 tote
610 1130 660 1173 vos
677 1129 773 1171 omnes
788 1110 926 1171 benitlciis
940 1111 1009 1185 frui,
1027 1113 1064 1170 ab
1083 1129 1151 1184 rege
1169 1117 1198 1170 et
1216 1113 1332 1172 civitate
1349 1115 1380 1171 in
1398 1127 1447 1170 vos
1465 1113 1599 1187 conlatis,
1617 1127 1710 1185 neque
1728 1112 1785 1170 alia
1803 1111 1964 1169 conditione
1982 1113 2013 1169 in
2025 1111 2102 1171 bunc
2119 1112 2245 1171 scholam

531 1204 664 1271 receptos
677 1213 740 1255 esse
754 1198 809 1256 nist
822 1211 886 1254 cum
900 1197 1011 1270 legibus
1028 1197 1088 1256 eius
1105 1213 1155 1256 vos
1173 1197 1420 1269 obtemperaturos
1438 1213 1500 1256 esse
1512 1195 1598 1255 fldem
1616 1195 1777 1256 dedissetis.
1810 1196 1883 1267 Quid
1901 1202 1996 1256 autem
2013 1197 2075 1254 viro
2090 1195 2245 1270 indignius,

532 1301 618 1357 quam
635 1283 672 1341 ab
689 1280 745 1340 fide
764 1282 832 1342 duta
844 1281 1025 1340 desciscere?
1052 1281 1240 1356 Mementote,
1258 1282 1289 1340 id
1307 1283 1383 1356 quod
1400 1281 1491 1341 omnis
1509 1283 1678 1356 antiquitas,
1697 1295 1795 1339 omues
1813 1282 1937 1339 omnium
1953 1287 2122 1354 temporum
2135 1281 2245 1340 intelle

532 1371 633 1441 gentes
655 1370 684 1424 et
705 1366 860 1440 prudentes
882 1367 1019 1440 clamant,
1045 1367 1151 1424 nudam
1176 1367 1390 1425 conmunionem
1413 1383 1448 1425 ac
1469 1366 1636 1424 societatem
1658 1365 1804 1423 bominum
1828 1381 1890 1424 esse
1911 1379 1946 1423 ac
1967 1370 2044 1424 stare
2067 1377 2164 1438 posse,
2191 1365 2245 1422 nisi

531 1453 610 1524 leges
628 1450 828 1524 observentur,
856 1451 932 1522 ipsos
953 1450 1041 1522 igitur
1063 1466 1113 1509 vos
1130 1451 1204 1510 hanc
1226 1450 1351 1510 scholam
1374 1449 1519 1509 delaturos
1537 1463 1614 1524 esse,
1641 1450 1665 1509 si
1691 1449 1755 1508 illas
1779 1450 2018 1522 contempseritis.
2054 1449 2148 1521 Atque
2172 1463 2246 1522 quae

534 1536 670 1596 vetamini
694 1537 821 1608 quaeque
844 1535 994 1608 iubemini,
1020 1536 1056 1594 ad
1075 1536 1144 1607 quid
1166 1535 1243 1593 aliud
1261 1540 1405 1608 spectant,
1430 1551 1515 1608 quam
1532 1534 1570 1592 ad
1590 1533 1744 1593 utilitatem
1762 1535 1909 1592 vostram?
1943 1531 2043 1592 Liberi
2061 1549 2124 1592 esse
2142 1534 2243 1592 voltis:

533 1619 607 1680 liber
624 1635 707 1680 nemo
724 1636 856 1691 umquam
874 1619 941 1693 fuit,
960 1621 1015 1677 nisi
1033 1621 1082 1692 qui
1099 1619 1210 1694 legibus
1229 1636 1280 1680 sua
1298 1619 1442 1680 voluntate
1460 1619 1596 1679 oboedire
1613 1619 1767 1678 didicisset.
1803 1618 1884 1678 Alios
1902 1635 2002 1692 regere
2021 1617 2142 1692 cupitis:
2162 1634 2246 1676 nemo

533 1710 612 1782 recte
632 1703 788 1777 inperauit,
815 1705 869 1764 nisi
896 1704 945 1778 qui
971 1704 1026 1762 sibi
1050 1705 1112 1777 ipse
1133 1705 1266 1778 inperare
1288 1705 1489 1764 consuevisset.
1534 1702 1579 1762 Ab
1602 1704 1667 1764 aliis
1684 1703 1795 1764 laudm
1811 1703 1911 1762 voltis:
1940 1703 2046 1760 nemini
2065 1701 2095 1760 id
2114 1703 2245 1776 contigit,

533 1789 590 1848 uisi
607 1789 657 1861 qui
674 1788 710 1848 ad
728 1794 808 1850 suam
825 1789 981 1848 lubidinem
998 1790 1139 1848 communi
1156 1789 1242 1848 saluti
1262 1788 1489 1861 posthabendam
1511 1803 1573 1848 sese
1591 1787 1774 1848 exercuisset
1818 1785 1868 1846 Set
1884 1785 1998 1848 facilius
2014 1786 2124 1860 iuveni,
2146 1788 2171 1846 si
2189 1784 2245 1844 fer-

534 1889 603 1932 uore
616 1878 701 1946 atque
718 1873 902 1946 inprudentia
928 1874 964 1932 ad
991 1871 1101 1930 facinus
1119 1872 1342 1932 committendum
1364 1871 1500 1945 abreptus
1522 1871 1632 1946 fuerit,
1650 1871 1828 1946 ignoscetur,
1855 1871 1939 1934 nuuc
1964 1871 2087 1945 iugerum
2110 1867 2245 1930 fateatur.

536 1956 616 2016 Niluil
633 1957 747 2016 homine
764 1956 854 2016 libero
872 1957 1017 2030 indignius
1035 1963 1079 2016 est
1097 1974 1181 2030 quam
1199 1955 1361 2030 fraudibus,
1383 1955 1517 2032 fallaciis,
1539 1957 1695 2018 mendaciis
1712 1957 1770 2030 uti,
1793 1957 1833 2014 nil
1851 1956 1999 2016 scelestius
2016 1972 2102 2029 quam
2118 1955 2189 2013 alios
2206 1955 2245 2014 ad

534 2040 632 2102 eadem
650 2041 789 2114 instigare
808 2047 894 2116 atque
911 2041 983 2100 adeo
1000 2057 1111 2115 cogere.
1156 2042 1230 2100 Nolo
1248 2042 1290 2100 ita
1306 2042 1450 2101 intervos
1472 2043 1614 2102 animatos
1630 2056 1707 2116 esse,
1734 2046 1768 2099 ut
1792 2040 1932 2114 quidquid
1950 2040 1979 2098 in
2002 2040 2095 2099 altero
2116 2039 2246 2100 animad-

534 2126 668 2198 vorterit,
686 2124 717 2182 id
733 2125 809 2184 alter
826 2125 937 2186 deferat
955 2133 985 2184 et
1002 2126 1122 2200 iudicet,
1140 2133 1171 2184 at
1187 2126 1288 2185 horret
1304 2127 1414 2186 animurs
1429 2126 1453 2184 si
1470 2126 1593 2198 cogitem
1609 2127 1686 2185 burc
1703 2142 1811 2184 morem
1828 2130 1899 2198 aput
1916 2140 1966 2184 vos
1983 2125 2079 2198 vigore
2096 2139 2193 2198 posse,
2212 2131 2245 2184 ut

535 2226 633 2268 omues
650 2210 745 2282 potius
764 2211 891 2284 mentiri,
914 2228 998 2284 quam
1016 2227 1186 2283 quemquam
1204 2210 1239 2268 de
1258 2225 1288 2268 se
1305 2209 1391 2270 fateri
1408 2211 1509 2269 velitis¹
1555 2212 1649 2284 Atque
1666 2210 1721 2270 hoc
1738 2211 1862 2269 alterum
1878 2215 1935 2282 est,
1962 2208 2039 2282 quod
2057 2225 2106 2268 vos
2123 2207 2245 2268 monitos

535 2310 569 2352 ac
589 2298 706 2366 rogatos
728 2294 808 2352 volo:
834 2292 952 2366 fugiatis
980 2294 1138 2377 mentiendi
1161 2301 1190 2354 et
1211 2293 1408 2354 dissimulandi
1428 2300 1528 2354 artem
1572 2295 1627 2366 Qui
1650 2309 1731 2356 amor
1751 2295 1827 2352 iuter
1848 2309 1900 2352 nos
1922 2299 2123 2366 praeceptores
2143 2298 2173 2351 ct
2194 2309 2244 2352 vos

534 2377 689 2449 disciprdos
707 2395 769 2436 csse
786 2384 896 2453 potest,
915 2380 939 2438 si
957 2379 1035 2440 nulla
1053 2385 1097 2437 est
1116 2380 1234 2452 veritas,
1254 2379 1331 2436 nulla
1347 2376 1473 2438 fiducia?
1509 2379 1594 2438 Nulla
1611 2397 1643 2438 re
1660 2379 1754 2451 pictas
1771 2385 1800 2436 et
1816 2378 2010 2436 benivolentia
2026 2377 2141 2449 gravius
2158 2382 2244 2450 atque

534 2461 665 2522 acerbius
683 2462 826 2520 violantur
843 2480 877 2522 ac
894 2464 1059 2536 laeduntur,
1087 2480 1172 2536 quam
1195 2462 1319 2522 fallendo
1342 2469 1372 2522 et
1393 2462 1572 2537 decipiendo.
1617 2463 1668 2522 Cui
1694 2464 1812 2522 tertium
1838 2463 1980 2535 adiungo:
2008 2466 2107 2520 sancto
2132 2459 2244 2520 duodo

534 2546 611 2606 inter
636 2561 685 2604 vos
712 2546 842 2608 obstricti
863 2549 940 2606 estis.
984 2547 1114 2606 Eundem
1132 2547 1222 2608 Deum
1240 2548 1348 2624 colitis,
1374 2547 1494 2607 eandem
1520 2548 1642 2620 patriam
1667 2547 1794 2621 habetis,
1821 2545 1930 2606 eisdem
1948 2542 2087 2604 benificiis
2104 2543 2242 2604 fruimini.

535 2629 701 2704 Quicunque
717 2631 773 2690 huc
790 2639 922 2706 receptus
940 2631 1041 2705 fuerit,
1066 2632 1219 2690 elucidem
1237 2633 1281 2690 ins
1298 2631 1454 2705 eademque
1471 2631 1566 2691 officia
1583 2639 1663 2706 suut,
1686 2648 1760 2704 quae
1778 2637 1937 2690 ceterorum
1951 2630 2085 2687 omniurn.
2130 2629 2195 2688 Una
2214 2631 2244 2688 iu

535 2714 620 2774 domo
639 2714 760 2787 alimini,
784 2731 839 2786 quo
857 2717 958 2776 melius
980 2716 1018 2775 ad
1035 2717 1130 2776 omnia
1147 2717 1225 2776 bona
1243 2717 1467 2790 praeparamini,
1489 2723 1522 2775 ut
1543 2716 1749 2776 corusuetudine
1765 2715 1907 2789 frequenti
1926 2714 2102 2786 honestaque
2120 2712 2243 2774 famlia-

534 2799 621 2859 ritate
648 2800 758 2858 maiora
782 2799 958 2860 incrementa
983 2801 1341 2872 doctrinaeomniamque
1369 2801 1505 2880 virtutum
1531 2801 1660 2873 capiatis.
1703 2799 1805 2859 Nonne
1829 2800 1918 2872 igitur
1943 2797 2024 2856 vobis
2050 2789 2127 2856 banc'
2150 2797 2243 2874 legem
2341 2873 2342 2876 Ἴ

535 2882 671 2954 scriptam
683 2899 746 2944 esse
760 2885 959 2958 memineritis,
977 2891 1010 2943 ut
1027 2885 1166 2944 intervos
1185 2884 1312 2958 diligatis
1328 2890 1414 2958 atquc
1427 2887 1542 2957 ametis,
1562 2900 1655 2944 nonne
1673 2885 1753 2942 scitis
1770 2885 1856 2944 etiam
1873 2901 1892 2941 a
1908 2882 1988 2942 vobis
2006 2898 2062 2954 quo
2078 2881 2162 2941 modo
2179 2899 2242 2942 cum

533 2966 691 3026 iuventutis
708 2973 821 3026 vostrae
838 2969 923 3028 sociis
940 2969 1070 3042 egeritis,
1088 2970 1210 3028 iudicem
1228 2975 1376 3030 aeteruum
1394 2971 1519 3030 rationes
1536 2969 1724 3042 repetiturum
1741 2970 1826 3028 esse?
1861 2968 1936 3028 Prae
1959 2967 2065 3026 catoris
2086 2967 2141 3024 hoc
2161 2969 2243 3026 iusti-

535 3055 628 3110 tutum
646 3050 807 3110 scholarum
825 3053 1039 3125 provincialium
1057 3053 1202 3126 laudatur,
1230 3053 1307 3126 quod
1323 3053 1488 3127 unicuique,
1515 3053 1565 3112 ubi
1582 3054 1697 3126 paulum
1716 3055 1778 3125 ipse
1799 3053 1969 3126 adoleverit,
1996 3051 2118 3108 aliorum
2140 3067 2242 3125 regen·

535 3134 651 3206 domm,
677 3134 928 3211 moderandarum,
956 3137 1085 3196 omnibus
1110 3137 1201 3196 modis
1226 3137 1421 3210 augendorum
1438 3143 1565 3211 potestas
1590 3138 1730 3212 quaedam
1754 3138 1938 3196 conmittitur.
1982 3136 2028 3194 Ea
2049 3135 2138 3208 igitur
2154 3133 2244 3194 facul·

533 3222 595 3276 tate
611 3222 641 3276 et
659 3219 740 3291 copia
754 3219 826 3278 bene
844 3221 879 3279 de
897 3221 960 3279 aliis
978 3222 1105 3279 merendi
1123 3227 1207 3280 recte.
1219 3223 1352 3294 utamini,
1371 3239 1573 3295 prosperruma
1589 3238 1719 3296 quaeque
1736 3221 1803 3280 inde
1820 3222 1900 3281 vobis
1913 3221 2064 3280 evenient:
2086 3237 2122 3278 na
2145 3235 2244 3294 super-

535 3302 602 3360 cilia
618 3301 655 3360 ad
673 3303 820 3362 tristitiam
837 3312 924 3378 atque
945 3305 1011 3364 odia
1032 3322 1194 3379 componens
1212 3305 1330 3380 ferocia,
1358 3311 1402 3363 set
1428 3308 1548 3381 canas,
1574 3307 1780 3379 benivolentia,
1807 3305 1948 3364 modestia
1969 3307 2046 3364 inter
2063 3321 2113 3363 vos
2130 3312 2239 3377 regnet.

535 3387 653 3445 Nullum
675 3393 823 3460 peccatum
845 3391 996 3462 graviusa
1017 3393 1062 3447 me
1084 3389 1250 3464 habebitur,
1277 3407 1361 3463 quam
1383 3391 1553 3449 debiliorum
1576 3391 1818 3464 lacessundorum,
1845 3390 2121 3463 persequendorum,
2148 3389 2243 3461 obpri-

533 3471 703 3529 mundorum
721 3473 857 3545 pruritus.
902 3473 980 3546 Quae
997 3490 1047 3532 vos
1065 3473 1207 3548 rogandos
1225 3480 1310 3548 atque
1328 3475 1483 3534 monendos
1505 3475 1617 3549 putari,
1644 3490 1702 3533 non
1730 3491 1786 3548 quo
1812 3491 1847 3532 ea
1872 3473 1943 3532 vitia
1963 3475 2041 3532 luter
2057 3487 2107 3531 vos
2123 3473 2244 3546 gliscere

534 3559 621 3628 atque
639 3563 799 3630 propagata
816 3575 879 3618 esse
895 3557 997 3619 scirem
1015 3563 1066 3617 aut
1083 3563 1252 3633 statuerem,
1281 3567 1325 3617 set
1348 3575 1404 3633 quo
1431 3575 1477 3618 me
1502 3559 1603 3618 melius
1628 3559 1794 3618 nosceretis.
1833 3558 1950 3616 ,Primus
1967 3558 2043 3616 enlm
2061 3556 2098 3616 ad
2115 3562 2243 3615 mutuam

533 3640 752 3699 bmivoientiam
775 3649 804 3700 ct
827 3643 976 3701 mutatam
997 3643 1103 3716 gradus
1126 3649 1171 3701 cst
1192 3645 1317 3717 cognitio
1336 3645 1516 3703 sommiorum
1534 3650 1562 3702 et
1580 3645 1765 3701 voluntatum.
1809 3641 1879 3700 (ium
1897 3657 1965 3714 ergo
1983 3641 2181 3701 intellexeritis
2198 3657 2244 3700 me

535 3723 606 3780 nibil
623 3724 770 3784 ardu'utius
789 3743 907 3800 cupere,
926 3743 1011 3801 quarn
1030 3727 1105 3800 quod
1123 3727 1159 3784 ad
1176 3727 1401 3786 incolumitatem
1417 3729 1501 3786 huius
1519 3727 1634 3786 scholae
1651 3734 1832 3800 vostramque
1850 3727 1970 3786 salutern
1989 3726 2144 3800 pertineat,
2172 3727 2244 3784 nihil

534 3807 649 3866 avobis
667 3810 813 3881 postulare
833 3811 886 3870 nisi
904 3827 978 3886 quae
996 3812 1110 3870 bomine
1127 3811 1219 3871 libero
1237 3817 1267 3870 et
1283 3813 1403 3871 honesto
1422 3812 1508 3885 digua
1528 3814 1599 3887 sint,
1624 3811 1696 3871 nihil
1712 3811 1826 3884 gravius
1844 3811 1937 3869 odisse
1955 3827 2039 3885 quarn
2057 3809 2134 3886 qnod
2151 3809 2245 3882 digni-

536 3891 591 3950 tau
608 3896 637 3950 et
654 3891 784 3953 felicitati
800 3901 913 3956 vostrae
931 3895 1114 3970 adversetur,
1133 3897 1157 3954 si
1179 3913 1223 3956 me
1241 3915 1313 3970 quae
1331 3913 1367 3955 ne
1384 3903 1507 3955 noceant
1524 3897 1605 3956 vobis
1622 3895 1779 3969 periculum
1797 3896 1835 3954 sit
1851 3896 1922 3953 haut
1939 3897 2073 3969 ignorare
2095 3895 2242 3968 noveritis,

534 3981 614 4034 certo
643 3991 727 4048 spero
753 3983 782 4036 et
809 3978 919 4038 confido
945 3978 1020 4055 fore,
1045 3985 1078 4038 ut
1103 3993 1187 4054 quam
1215 3981 1283 4040 duta
1308 3986 1394 4054 atque
1417 3987 1536 4054 accepta
1556 3977 1613 4040 frde
1636 3981 1712 4038 inter
1733 3995 1785 4037 nos
1806 3979 1890 4038 modo
1911 3980 2055 4038 iunximus
2077 3979 2243 4038 soemtatem

534 4059 650 4133 utrique
677 4076 740 4118 cum
767 4063 904 4138 religione
930 4079 1074 4123 servemus
1096 4071 1184 4137 utque
1202 4081 1251 4124 vos
1270 4081 1314 4123 me
1333 4065 1464 4124 venerari
1480 4071 1566 4140 atque
1582 4079 1679 4124 amare
1697 4064 1822 4122 discatis.
1866 4063 1940 4123 Nam
1958 4065 2013 4125 hoc
2029 4081 2141 4138 quoque
2163 4063 2244 4123 vobis

416 4215 423 4230 ·
535 4143 676 4218 spondeo,
703 4161 762 4218 me,
788 4152 925 4220 quantum
943 4149 1063 4222 possim,
1088 4150 1272 4221 persuasione
1289 4149 1384 4222 potins
1403 4166 1487 4224 quarn
1505 4149 1692 4222 casdgutioue
1710 4147 1747 4208 ad
1765 4164 1834 4207 vcra
1851 4155 1881 4207 et
1897 4147 2018 4208 honesta
2033 4165 2084 4208 vos
2101 4147 2245 4206 adducere

533 4228 627 4286 malle.
663 4229 748 4302 Agite
766 4231 869 4304 igitur,
891 4233 1023 4305 discipuli
1041 4234 1202 4307 carissumi,
1220 4251 1264 4292 me
1281 4235 1409 4307 parentis
1423 4234 1485 4293 loco
1499 4250 1561 4292 ease
1579 4232 1657 4290 vobis
1675 4233 1777 4292 velitis.
1822 4229 1880 4291 Pro
1898 4240 1995 4293 vostra
2012 4233 2103 4294 salute
2121 4237 2151 4290 et
2167 4233 2244 4290 inco

533 4313 664 4373 lumitate
680 4313 758 4371 omni
776 4320 905 4390 tenpore
922 4333 967 4375 me
984 4317 1163 4392 adnisurum,
1181 4317 1388 4394 laboraturum,
1407 4315 1589 4392 vigilaturum
1606 4331 1668 4375 csse
1686 4317 1766 4377 vobis
1783 4317 1922 4392 polliceor
1937 4334 1972 4377 ac
1988 4318 2133 4392 promitto.

701 4396 752 4458 Set
768 4401 902 4473 quoniam
920 4401 992 4460 nibil
1009 4401 1100 4462 bonae
1117 4401 1208 4474 frugis
1225 4401 1350 4461 humanu
1375 4403 1475 4462 bbere
1500 4409 1586 4476 atque
1612 4400 1754 4462 industria
1779 4403 1942 4477 quaeritur,
1968 4401 2025 4462 nisi
2042 4403 2085 4461 Tu
2107 4399 2244 4475 sumens,

533 4482 588 4554 Te,
606 4482 685 4541 Dens
702 4486 894 4558 omnpotens,
913 4485 1112 4562 sanctissume,
1130 4483 1307 4560 iustissumo,
1326 4488 1566 4560 clementissume,
1585 4483 1749 4558 subplicaus
1766 4493 1852 4561 atque
1875 4487 1998 4547 memus
2019 4501 2139 4560 precor:
2161 4499 2244 4558 prae-

534 4579 602 4624 seus
617 4565 687 4624 mibi
702 4568 782 4627 ¹adsis
800 4569 829 4626 in
847 4569 901 4628 hoc
917 4585 1033 4629 munere
1047 4569 1188 4644 gerundo,
1207 4571 1283 4644 qnod
1301 4569 1363 4630 luo
1380 4577 1451 4631 nutu
1468 4570 1589 4643 suscep.
1615 4569 1768 4644 indignum
1785 4587 1830 4630 me
1848 4587 1911 4631 csse
1928 4573 2022 4646 gratia
2040 4567 2115 4642 iou,
2133 4583 2245 4628 mmma

534 4663 598 4709 cum
615 4653 793 4722 paenitentia
810 4652 958 4728 confiteor,
977 4659 1008 4714 at
1025 4653 1137 4713 confido
1154 4652 1213 4713 filio
1227 4654 1303 4729 Tuo,
1320 4655 1386 4714 Iesu
1405 4656 1535 4729 Christo,
1562 4653 1684 4714 Domino
1703 4647 1775 4714 meo'.
1818 4655 1867 4715 llil
1885 4663 1914 4716 te
1933 4661 2064 4730 rogatum
2080 4651 2160 4726 volo,
2186 4653 2244 4712 nisi

533 4735 610 4808 eumd
627 4734 818 4797 aduenarum
835 4737 927 4797 Tuum
945 4742 1063 4812 spectet.
1107 4738 1220 4812 impleas
1237 4753 1283 4798 ms
1303 4741 1504 4814 perspiritum
1522 4738 1614 4798 lbum
1632 4744 1761 4798 sanctum
1778 4738 1835 4798 fide
1853 4747 1883 4800 et
1899 4743 2022 4815 pietate,
2046 4734 2197 4798 confirmes
2215 4742 2245 4796 ct

519 4825 521 4830 '
533 4831 642 4892 augeas
652 4818 682 4877 in
695 4835 741 4878 rue
753 4837 879 4882 amorem
892 4823 986 4882 Tuum
1003 4827 1033 4882 et
1049 4820 1100 4880 filii
1114 4821 1181 4898 lui,
1198 4829 1280 4883 recta
1291 4825 1410 4884 consilia
1426 4823 1496 4881 mihi
1509 4822 1690 4899 subpeditcs,
1709 4826 1879 4898 sapientium
1891 4843 1925 4884 ac
1942 4821 2137 4898 prudentiam,
2155 4821 2244 4882 robur

518 4907 563 4962 xot
580 4904 770 4964 constmtiam
786 4907 856 4965 mibi
873 4907 1003 4984 inspires.
1032 4905 1144 4968 Salvom
1156 4905 1203 4967 fac
1215 4923 1312 4980 regam
1325 4913 1467 4981 nuruum,
1485 4908 1592 4968 wan
1610 4908 1735 4981 patriam
1751 4915 1893 4984 nostram,
1912 4909 2018 4968 salvom
2035 4906 2091 4966 boc
2108 4905 2244 4981 oppidum

532 4989 638 5062 quique
655 4987 816 5064 aberrant
832 4997 918 5065 atque
935 4991 1145 5052 administrant.
1188 4991 1219 5050 Sl
1235 4992 1349 5051 instare
1362 4992 1484 5052 volueris
1501 4999 1631 5052 extrema
1647 4992 1775 5066 pcdcula
1793 4999 1823 5051 et
1838 4989 1915 5051 belia
1929 4991 2131 5066 atroclssuum,
2149 4989 2244 5050 lmtac

516 5085 651 5133 *mussas
668 5072 708 5132 da
723 5074 889 5134 nemun:
915 5077 960 5136 sin
976 5091 1089 5150 pacem,
1115 5077 1146 5134 id
1163 5076 1240 5148 quod
1256 5075 1431 5135 instantibus
1453 5077 1586 5150 precibus
1601 5077 1643 5136 Te
1665 5091 1812 5152 rogamus,
1839 5087 2011 5138 conservare
2032 5076 2183 5150 mdueds,
2209 5079 2243 5133 ut

515 5162 631 5217 ¹=oruuea
647 5157 712 5216 Tibi
730 5155 839 5218 marma
857 5161 964 5234 pietate
982 5161 1121 5234 sertim,
1143 5156 1248 5218 eciem
1270 5159 1403 5218 omuibus
1418 5160 1449 5218 in
1466 5162 1566 5238 rebus,
1584 5167 1617 5221 ut
1633 5175 1687 5221 uos
1704 5159 1830 5220 &nones
1848 5171 1914 5222 cum
1928 5157 2248 5236 uueofficiazprasrtc·
